3690 5086
343 101 469 185 tiquam
494 101 707 186 incredibilis,
732 103 804 187 ipsa
836 123 962 188 quoque
990 105 1025 168 iu
1052 104 1114 170 hoe
1145 101 1336 188 suspitionis
1364 122 1494 169 consor·

346 207 429 272 tium
452 210 598 275 vocanda
622 209 696 274 est?
733 207 819 284 Quid
842 208 950 274 enim?
974 232 1047 275 cum
1071 210 1109 276 de
1133 233 1211 276 vera
1233 210 1397 296 legatione
1426 213 1495 274 tam

346 337 450 398 pauca
472 337 644 400 rerumque
668 315 851 381 condicioni
874 320 942 380 tam
957 319 1211 401 accommodata,
1234 317 1273 382 de
1292 315 1412 381 ficticia
1426 319 1495 379 tam

345 421 449 486 multa
472 423 627 507 ipsaeque
651 422 731 487 adeo
755 422 885 486 litterae
912 422 1062 506 publicae
1095 425 1289 506 referantur,
1321 442 1428 488 nonne
1461 419 1494 485 id

344 526 452 608 ipsum
476 527 595 594 indicio
620 535 671 593 est
694 529 869 614 genuinam
892 549 962 592 esse
985 533 1115 593 tenuem
1138 529 1230 594 illam
1253 550 1418 613 paeneque
1438 527 1493 591 ob-

344 631 524 699 litteratam
549 637 749 719 memoriam,
773 635 1020 718 suppositiciam
1043 636 1181 701 alteram
1195 635 1284 701 omni
1299 634 1493 701 fabellarum

345 759 462 822 genere
486 740 699 807 exornatam?

435 846 506 912 Iam
530 847 702 931 Ionathau,
726 848 755 912 si
779 847 973 932 scriptorem
996 847 1016 912 l.
1031 846 1046 911 1
1064 847 1166 914 Maec.
1189 848 1362 934 sequimur,
1385 846 1494 911 missis

349 952 468 1038 legatis
497 953 564 1019 illis
593 954 713 1018 multas
742 954 989 1038 praeclarasque
1021 975 1073 1019 res
1106 955 1210 1040 gessit
1236 977 1310 1022 cum
1335 951 1494 1018 Demetrii

350 1057 484 1124 ducibus
503 1061 709 1145 belligerans.
756 1059 884 1126 Interea
912 1057 1024 1126 Simon
1053 1059 1155 1125 frater
1182 1059 1213 1148 (I
1231 1060 1332 1126 Maec.
1358 1059 1413 1142 12,
1435 1053 1495 1142 33)

347 1165 458 1245 ἐξῆλθε
483 1169 533 1231 καὶ
557 1169 737 1233 οιώδευσεν
761 1169 823 1233 ἕως
847 1167 1050 1233 Ἀσκάλωνος
1078 1169 1130 1231 καὶ
1161 1171 1227 1232 τῶν
1255 1166 1395 1246 πλησίον
1419 1165 1494 1244 ὀχυ·

348 1273 515 1351 ρωμὰτων,
539 1275 590 1338 καὶ
614 1275 775 1339 ἐξέκλινεν
799 1275 843 1338 είς
867 1270 1022 1358 Ἰόπηνῑ)
1046 1274 1096 1336 καὶ
1111 1273 1371 1353 προκατελὰβετο
1386 1271 1494 1352 αὐτήν.

348 1378 400 1442 34.
423 1380 543 1459 ἤκουσε
559 1382 620 1459 γὰρ
654 1379 702 1444 ὅτι
737 1381 907 1460 βούλονται
939 1381 977 1443 τό
1010 1378 1163 1457 ὀχύρωμα
1196 1383 1397 1458 παραδοῦναι
1427 1382 1495 1442 τοῑς

348 1486 436 1564 παρὰ
459 1487 658 1566 Δημητρίου,
692 1487 742 1550 καὶ
771 1486 862 1551 ἔθετο
887 1487 952 1551 ἐκεῖ
979 1487 1129 1564 φρουρὰν
1157 1485 1246 1549 ὅπως
1274 1484 1495 1564 φυλάσσωσιν

348 1590 494 1676 αὐτήνί),
518 1592 557 1656 cf.
580 1591 644 1657 Ios.
668 1590 748 1656 XIII
772 1593 806 1676 τ’),
836 1593 886 1657 10.
931 1590 1093 1656 Reversus
1122 1590 1236 1656 deinde
1257 1590 1421 1656 Ionathan
1448 1612 1495 1654 vs.

346 1699 402 1762 35:
426 1699 654 1777 ἐξεκκλησίασε
669 1701 745 1763 τοὺς
769 1700 1008 1779 πρεσβυτέρου(
1031 1701 1090 1762 τοῦ
1114 1700 1196 1761 λαοῦ
1210 1697 1261 1761 καί
1275 1697 1495 1776 ἐβουλεύσατο

346 1803 412 1882 μετ’
440 1804 549 1867 αὐτῶν
581 1809 640 1869 τοῦ
664 1805 874 1884 οἰκοδομῆσαι
904 1805 1097 1884 ὀχυρώματα
1130 1805 1166 1869 ἐν
1193 1810 1232 1887 τῇ
1261 1802 1411 1886 Ἰουδαίᾳ,
1444 1803 1497 1867 36.

347 1913 397 1976 καὶ
421 1916 642 1991 προσυψῶσαι
666 1913 706 1975 τὰ
729 1912 817 1991 τείχη
841 1911 1048 1990 Ἱερουσαλὴμ
1072 1911 1122 1974 καὶ
1150 1910 1282 1989 ὑψῶσαι
1309 1909 1393 1988 ὕψος
1416 1909 1497 1985 μέγα

349 2016 410 2081 ἀνὰ
425 2020 527 2096 μέσον
541 2022 597 2096 τῆς
621 2016 719 2096 ἄκρας
743 2019 872 2097 καὶτῆς
897 2017 1023 2082 πόλεως
1044 2016 1089 2080 είς
1112 2017 1150 2080 τὸ
1173 2015 1373 2094 διαχωρίζειν
1397 2015 1497 2094 αὐτὴν

348 2128 404 2202 τῆς
428 2123 568 2199 πόλεως,
600 2123 655 2186 ἵνα
678 2123 697 2206 η
722 2123 802 2202 αὕτη
827 2123 906 2187 κατὰ
935 2122 1048 2202 μόνας,
1081 2121 1170 2184 ὅπως
1203 2123 1280 2200 μήτε
1313 2120 1498 2201 ἀγορὰῑωσι

348 2232 425 2309 μήτε
450 2233 586 2294 πωλῶσι
609 2229 681 2306 κτέ,
714 2250 797 2311 quae
816 2230 870 2292 vix
894 2228 1066 2292 immutata
1088 2224 1247 2310 Iosephus
1262 2228 1497 2312 transscripsit.

349 2337 395 2400 At
417 2336 492 2400 hinc
515 2334 634 2417 incipit
656 2335 855 2399 narrationis
884 2333 1103 2418 discrepantia
1130 2334 1273 2398 maxima
1304 2354 1405 2417 eaque
1432 2355 1498 2398 uon

351 2447 420 2507 tam
443 2444 478 2506 in
501 2462 610 2505 rerum
633 2440 791 2506 relatione
816 2463 912 2525 quam
935 2441 969 2505 in
992 2444 1175 2523 temporum
1198 2439 1364 2523 totiusque
1391 2438 1499 2524 dispo·

424 2600 443 2667 ¹)
463 2597 504 2651 De
528 2595 649 2651 nominis
672 2596 755 2650 hciius
779 2596 917 2720 scriptura
939 2598 1090 2666 postquam
1117 2596 1177 2665 ipse
1206 2594 1255 2649 diu
1282 2595 1384 2649 dubias
1412 2596 1499 2663 haesi,

348 2686 421 2723 nunc
441 2668 483 2721 ita
500 2667 572 2720 mihi
589 2667 702 2721 ridetur
720 2670 832 2721 statuen
852 2685 907 2722 um.
950 2666 1074 2735 Simplex
1091 2683 1112 2719 π
1130 2670 1189 2720 eto
1208 2669 1240 2719 ut
1258 2665 1407 2731 scribatur,
1435 2684 1499 2720 cmu

349 2741 486 2794 stradeant
504 2756 538 2792 ex
557 2738 672 2792 Graccis
691 2741 720 2792 et
738 2737 942 2807 lexicographi:
975 2736 1097 2805 Etymol.
1122 2737 1193 2791 llud.
1218 2755 1245 2806 p.
1260 2743 1312 2791 280
1335 2736 1381 2802 (cf.
1400 2736 1498 2792 Zonar.

352 2815 433 2879 s.v.):
456 2811 536 2875 Ἰόπη,
557 2811 592 2862 δι’
611 2811 674 2863 ἑνὸς
694 2826 715 2862 π
734 2812 778 2861 καί
798 2810 842 2862 διὰ
865 2813 916 2861 τοῦ
940 2825 957 2875 ι,
975 2826 1041 2876 prae
1060 2824 1115 2876 quo
1135 2808 1258 2877 ineptam
1278 2805 1381 2860 Suiduu
1401 2807 1497 2861 distin·

349 2882 483 2936 ctionem:
507 2882 576 2946 Ἰόπη
597 2882 686 2944 ὄνομα
706 2881 809 2946 κύριον.
848 2881 939 2944 Ἰόππη
964 2880 993 2932 δέ
1017 2881 1107 2942 ὄνομα
1129 2880 1218 2931 τόπου
1247 2877 1348 2930 merito
1372 2878 1499 2947 explosit

354 2951 547 3019 llernhardpus
567 2951 579 3004 Ι
598 2969 626 3020 p.
644 2957 724 3015 1003,
745 2955 774 3004 et
792 2953 905 3019 poetae:
935 2948 1032 3017 Steph.
1052 2949 1117 3017 Byz.
1137 2967 1159 3002 s.
1178 2967 1203 3002 u.
1223 2950 1336 3015 Δῶροςι
1490 2958 1494 2966 “

420 3025 522 3089 Δῶρός
540 3024 566 3074 τ’
581 3022 712 3087 ἀγχίαλος
730 3022 756 3073 τ’
772 3022 843 3087 Ἰόπη
858 3022 1021 3087 προύχουσα
1035 3021 1184 3085 θαλάσσης,
1200 3019 1245 3086 (ef.
1260 3018 1374 3087 Dionys.
1390 3020 1498 3090 Perieg.

354 3097 429 3160 910),
458 3093 549 3147 solum
568 3092 622 3146 hoc
641 3094 748 3146 certum
767 3095 811 3145 cst
828 3090 1053 3151 fundamentum,
1081 3088 1126 3142 cui
1153 3092 1215 3142 tuto
1243 3088 1372 3143 insistere
1400 3093 1498 3160 possis.

351 3164 424 3217 Nam
433 3181 485 3218 nec
496 3181 530 3217 ex
544 3162 759 3232 inscriptionum
769 3165 950 3216 caseatorum
957 3159 1134 3228 Assyriorum
1147 3159 1265 3230 Yaappu
1280 3162 1317 3227 (ν.
1329 3159 1500 3216 Sohradcms

353 3250 409 3304 ‘nie
423 3250 605 3304 Keilinsclu·r.
616 3268 642 3302 u.
658 3249 684 3302 cl.
697 3249 754 3303 alte
765 3249 852 3302 Test’
865 3248 973 3314 (Gissae
987 3251 1064 3313 1872)
1075 3263 1100 3314 p.
1118 3251 1149 3300 19
1160 3262 1211 3300 uec
1226 3263 1260 3299 ex
1269 3247 1440 3303 Phoenicum
1451 3256 1499 3300 *a*

351 3321 378 3374 iu
389 3320 604 3374 Eshnmnazaris
619 3319 702 3373 titulo
718 3318 868 3389 sepulcrali
882 3317 946 3371 VIII
959 3324 980 3381 1,
991 3315 1027 3370 ad
1041 3333 1124 3384 qutun
1134 3315 1246 3370 uberius
1256 3316 1413 3372 denomino
1424 3337 1497 3373 com-

351 3395 490 3445 mentatus
502 3396 545 3444 est
555 3391 785 3444 Schlottmarmus
798 3389 853 3442 ‘die
868 3387 999 3442 lnschrift
1009 3386 1212 3440 Eshmuuazars
1222 3387 1346 3457 Koenigs
1361 3389 1410 3442 der
1421 3389 1498 3443 Sido·

351 3463 421 3516 uier'
432 3461 521 3528 qlluliu
534 3469 613 3528 1868)
624 3480 650 3530 p.
665 3469 714 3515 150
724 3480 794 3530 sqq..
804 3478 854 3514 nec
863 3477 896 3513 cx
906 3458 1036 3526 Syrorum
1048 3457 1125 3525 loopi
1136 3458 1240 3527 qluiqii)
1253 3477 1304 3513 noo
1318 3476 1351 3512 ex
1361 3460 1499 3514 Hebraeo-

352 3568 411 3602 rum
444 3556 492 3617 ’νεῖ
510 3549 553 3602 rel
569 3541 638 3620 Sit}
657 3547 725 3601 corti
735 3547 883 3615 quicquain
893 3544 965 3598 ellici
975 3548 1076 3614 potest.
1085 3544 1405 3614 itoiuqueoruuiratione
1416 3547 1500 3600 ‹luisti-

351 3624 441 3673 tutum
453 3626 495 3672 cst
507 3619 580 3672 Lxx
591 3618 775 3687 interpretum
788 3619 894 3682 Ίώττπη,
910 3632 1025 3685 proquo
1039 3617 1116 3682 Ἰώπη
1132 3616 1232 3670 saltem
1247 3618 1437 3687 exspectabas.
1465 3617 1500 3670 I't

352 3691 427 3744 ouini
442 3708 476 3743 cx
499 3696 578 3759 parto
598 3689 736 3759 Mosen-iio
765 3686 994 3756 aidstipulamlum
1023 3686 1150 3741 rideatur
1174 3706 1258 3742 uusuu
1284 3690 1355 3756 Ἰόπη
1381 3688 1498 3758 scriptu·

352 3779 410 3815 iam
434 3779 529 3814 reram
558 3778 618 3813 csse
647 3758 772 3813 censenti
791 3757 961 3810 Phoenicum
990 3758 1042 3811 vol.
1066 3758 1102 3822 ΙΙ,
1127 3765 1141 3812 2
1162 3777 1187 3828 p.
1207 3765 1256 3814 170
1279 3758 1343 3813 adn.
1367 3765 1408 3825 73,
1437 3778 1499 3829 pro·

351 3833 446 3884 batam
466 3848 528 3883 eam
548 3830 634 3883 ctiam
653 3828 807 3882 Fritzechio
831 3828 859 3881 iu
880 3828 1037 3882 Sclieukclii
1062 3828 1151 3882 lexico
1175 3829 1278 3882 biblico
1297 3832 1317 3882 t.
1337 3831 1376 3883 ΙΙΙ
1395 3848 1421 3898 p.
1438 3837 1498 3885 310.

425 3902 446 3967 ²)
475 3901 577 3953 llimui
601 3900 675 3969 quod
704 3899 824 3969 scriptor
848 3901 864 3953 l.
886 3901 896 3953 Ι
916 3900 1014 3959 Mace..
1043 3899 1092 3966 qui
1119 3917 1152 3952 oa
1172 3903 1230 3953 tam
1254 3917 1271 3952 a
1301 3899 1417 3953 louatha
1444 3900 1500 3953 iam

354 3972 441 4022 multo
461 3974 526 4024 mite
548 3972 633 4039 lopcn
658 3976 827 4023 niciuomiut
849 3979 888 4037 10,
910 3977 954 4033 To,
979 3970 1012 4024 cl'.
1034 3969 1085 4022 los.
1107 3918 1171 4022 xul
1189 3977 1217 4034 4,
1238 3976 1267 4034 1,
1292 3968 1326 4022 de
1350 3969 1500 4024 amissione

354 4057 489 4105 nusquam
512 4041 626 4092 sarlium
646 4041 763 4093 addidit.
