3690 5086
344 104 479 190 aSyris
504 108 545 189 et,
569 104 624 188 qui
648 125 721 167 cum
744 103 792 167 eis
812 103 1000 168 societatem
1028 103 1182 189 inierant,
1208 103 1336 169 Iudaeis
1366 103 1498 189 quibus·

344 212 418 277 dam
448 212 630 296 patriorum
662 209 785 273 rituum
818 210 1096 294 contemptoribus
1128 215 1320 296 occupatam
1351 211 1498 277 obsidere

345 340 442 383 ausus
466 321 634 401 speratum
658 314 812 380 audaciae
831 314 972 380 fructum
994 338 1059 381 non
1080 317 1175 402 cepit.
1208 316 1294 383 Nam
1317 317 1499 383 Antiochus

347 424 549 509 VEupator,
572 422 755 508 Epiphanis
778 422 810 506 f,
833 423 958 508 ingenti
980 423 1121 488 exercitu
1145 424 1280 491 collecto
1304 425 1500 491 Bethsuram

346 531 458 597 urbem
472 530 696 595 firmissimam
711 529 879 594 obsidione
895 530 1005 615 cingit,
1023 528 1133 594 Iudam
1156 532 1277 597 arixilio
1293 532 1500 599 advolantem

348 639 389 706 ad
410 638 649 705 Bethzacharia
678 637 713 702 in
736 637 848 722 fugam
882 638 981 702 vertit
1003 638 1173 722 ipsumque
1198 638 1500 726 Hierosolymorum

346 748 503 831 templum
517 745 783 829 munitissimum,
802 766 865 829 quo
882 744 936 809 illc
952 767 985 809 se
1000 750 1175 829 receperat,
1199 746 1335 812 obsidet.
1372 745 1421 812 Ac
1435 747 1500 812 iarn

346 852 456 936 Iudas,
488 851 653 917 Bethsura
681 852 812 916 interim
843 874 861 915 a
886 848 975 935 Syris
1006 851 1147 937 capta¹),
1180 859 1315 937 propter
1346 854 1501 919 frumenti

348 964 611 1042 commeatusque
635 958 805 1041 penuriam
834 958 866 1021 in
895 959 1028 1024 summis
1059 960 1219 1045 augustiis
1242 964 1326 1046 erat,
1349 984 1422 1027 cum
1436 961 1501 1026 An·

349 1066 477 1132 tiochus
500 1064 656 1149 Philippi,
679 1064 819 1150 legitimi
842 1065 961 1130 tutoris
985 1066 1026 1130 ab
1049 1065 1222 1150 Epiphane
1246 1068 1427 1152 constituti,
1449 1068 1502 1133 ad·

348 1177 446 1239 ventu
469 1176 651 1257 comperto,
683 1170 801 1256 Lysiae
831 1193 929 1236 suasu
956 1194 1069 1256 pacem
1093 1194 1166 1237 cum
1189 1172 1317 1240 Iudaeis
1337 1174 1503 1259 componit

349 1280 541 1365 domumque
565 1279 753 1362 revertitur,
786 1277 1021 1343 munitionibus
1044 1282 1156 1343 tamen
1177 1281 1291 1365 templi
1314 1281 1434 1366 perfide
1457 1282 1503 1347 di-

349 1387 441 1453 rutis.
914 1404 918 1412 ·

437 1494 552 1560 Paullo
577 1498 668 1578 post,
702 1514 787 1557 anno
812 1514 876 1557 aer.
901 1489 962 1557 Sel.
988 1492 1048 1557 151
1083 1491 1113 1578 (I
1143 1491 1244 1558 Mace.
1272 1496 1302 1577 6,
1328 1495 1360 1580 1)
1389 1493 1504 1560 Deme·

351 1604 433 1668 trius
448 1600 574 1667 Seleuci
589 1599 636 1666 Il'
651 1599 682 1684 f,
704 1597 803 1683 Deua,
824 1598 1026 1684 Philopator,
1049 1597 1143 1664 Soter
1165 1601 1199 1664 iu
1222 1602 1364 1666 nummis
1387 1623 1504 1688 cogno·

351 1710 491 1774 minatus
516 1707 561 1795 (v.
576 1706 776 1772 Froelichius
792 1706 937 1772 ‘annales
950 1704 1181 1790 compendiarii
1207 1729 1320 1793 regum
1344 1712 1376 1773 et
1398 1732 1505 1774 rerum

352 1813 476 1901 Syriae'
500 1815 547 1879 ed.
566 1814 599 1879 II
622 1813 768 1878 Viennae
796 1815 889 1878 1754.
913 1813 968 1878 fol.
991 1836 1021 1897 p.
1036 1812 1078 1878 57
1095 1812 1178 1898 sqq.)
1202 1812 1317 1899 Roma,
1339 1815 1395 1880 ubi
1410 1816 1505 1882 obses

351 1921 560 2004 retinebatur,
583 1919 720 2006 Polybio
736 1920 883 1984 adiutore
908 1919 990 1984 clam
1014 1923 1128 1984 senatu
1151 1919 1279 2004 relicta,
1308 1918 1435 2006 Syriam
1459 1923 1506 1987 in·

353 2030 450 2114 radit,
473 2027 673 2092 Antiochum
687 2027 882 2112 Lysiamque
907 2025 1156 2109 comprehensos
1176 2026 1296 2093 occidit
1309 2048 1506 2115 regnumque

353 2135 488 2220 adeptus
513 2137 571 2199 est.
618 2133 650 2199 Is
675 2137 902 2218 apostatarum
925 2132 1056 2196 illorum
1079 2133 1246 2219 ipsiusque
1271 2134 1405 2220 Alcimi,
1428 2158 1505 2220 pon-

352 2242 450 2308 tificis
474 2240 619 2324 Maximi,
643 2240 813 2306 calumniis
837 2239 887 2303 ira
910 2239 944 2303 in
966 2238 1079 2303 Iudam
1097 2238 1247 2305 incensus
1272 2241 1411 2326 primum
1426 2240 1507 2307 Bac-

354 2348 481 2413 chidem
504 2345 643 2412 Iudaeae
667 2346 818 2431 inmittit,
846 2350 923 2430 post
950 2347 1035 2410 hunc
1067 2344 1265 2413 Nicanorem
1297 2346 1507 2413 familiarium

355 2476 447 2520 suum
475 2452 710 2519 fidelissimum.
757 2452 859 2530 Quem
890 2452 986 2518 Iudas
1015 2475 1172 2537 prospera
1200 2477 1278 2518 usus
1308 2453 1441 2519 fortuna
1467 2455 1509 2520 ad

356 2559 613 2646 Capharsalama
646 2561 778 2626 adortus
811 2562 844 2625 in
877 2583 982 2627 arcem
1010 2559 1313 2644 Hierosolymorum
1342 2562 1510 2645 compellit

355 2668 602 2752 tacentibusque
626 2669 729 2752 copiis
753 2669 947 2733 matruelem
969 2666 1009 2732 ad
1023 2666 1191 2733 Bethoron
1214 2668 1315 2733 sincit
1328 2667 1508 2753 occiditque

356 2775 407 2840 die
434 2776 533 2840 tertio
563 2775 686 2841 decimo
712 2775 801 2840 Adur
829 2772 982 2860 mensisi)
1010 2772 1039 2861 (Ι
1067 2773 1110 2838 M.
1140 2775 1168 2858 7,
1196 2774 1253 2858 43,
1285 2773 1348 2841 Ios·
1370 2772 1434 2841 XII
1460 2777 1509 2861 10,

356 2987 454 3057 quinta
471 2987 501 3041 in
520 2987 627 3042 hlenhii
639 2988 804 3042 ‘Bibelatlas
818 2989 848 3042 iu
862 2989 929 3042 acht
942 2984 1078 3039 Brutum’
1097 2984 1205 3040 Gothae
1216 2986 1258 3040 ed.
1279 2992 1359 3042 raom
1374 2985 1509 3043 ‹haserero

356 3076 450 3114 meum
467 3077 525 3113 non
543 3063 594 3114 est.
632 3060 730 3128 Itaquc
749 3060 862 3114 remitto
881 3059 1000 3112 lectores
1015 3059 1044 3111 ct
1057 3056 1094 3110 ad
1108 3072 1148 3121 ea,
1164 3072 1234 3124 quim
1251 3062 1316 3127 post
1331 3057 1509 3125 Rannrenrm,

357 3130 559 3186 Robinsonem.
589 3131 789 3200 Berggrenmn.
813 3131 884 3184 alios
912 3145 1000 3198 nuper
1019 3126 1173 3196 disputarit
1193 3126 1308 3198 Cuspari
1325 3129 1356 3183 in
1374 3130 1509 3200 ‘theolog

358 3200 474 3255 Studien
492 3220 518 3255 u.
539 3201 681 3256 Kritilren’
701 3209 768 3257 1864
784 3203 793 3254 l
811 3221 836 3272 p.
848 3208 899 3256 309
915 3218 973 3268 sqq.
989 3202 1017 3252 ot
1030 3198 1066 3252 ad
1080 3200 1289 3266 programmata
1303 3199 1358 3255 duo
1371 3201 1511 3270 gymnasii

357 3272 486 3326 Halensis
505 3289 530 3326 a.
558 3280 639 3338 1865,
661 3280 737 3331 1866.
762 3273 790 3327 iu
817 3273 917 3341 quihus
943 3269 1082 3324 Aruoldus
1100 3269 1177 3322 locos
1204 3287 1299 3324 omnes
1325 3271 1361 3324 ud
1378 3273 1509 3343 topogra-

358 3343 453 3414 phiam
467 3343 751 3413 Hierosolymitanam
771 3344 941 3415 pertinentes
956 3360 990 3396 cx
1003 3339 1101 3394 Bibliis
1117 3343 1145 3393 et
1162 3340 1278 3411 losepho
1292 3344 1421 3399 accurate
1435 3360 1509 3399 com·

378 3414 459 3468 osuit.

358 3433 376 3484 p
432 3487 451 3552 ¹)
471 3487 554 3555 Apud
574 3488 723 3556 losephum
742 3488 793 3541 xll
813 3496 838 3550 a,
859 3495 887 3540 ὃς
918 3485 1056 3549 Ἀντίοχο(
1080 3486 1109 3536 δὲ
1133 3484 1165 3535 τὸ
1186 3486 1235 3546 μὲν
1253 3489 1303 3549 τῆς
1323 3492 1454 3552 στρατιᾶ(
1473 3488 1510 3542 εἰ(

359 3558 517 3624 Βεθσούραν
537 3560 652 3624 casuue,
672 3561 839 3625 πολεμήσων
859 3559 956 3623 αὐτήν,
975 3563 1015 3622 τῷ
1034 3559 1121 3620 λοιπῷ
1142 3555 1170 3606 δέ
1191 3558 1241 3620 τή(
1264 3558 1407 3620 δυνάμεως
1426 3561 1510 3613 αὐτὸ(

359 3629 425 3694 ἡκεν
444 3629 488 3682 ἐπὶ
507 3631 542 3681 τὰ
563 3631 744 3696 Ἱεροσόλυμα,
764 3633 843 3698 patet
862 3631 1019 3691 πολεμήσον
1039 3623 1188 3689 legendum
1208 3642 1276 3679 csse.

431 3699 452 3767 ²)
472 3699 545 3752 Nolo
565 3700 789 3769 praetermittere
809 3701 881 3753 hunc
897 3698 970 3751 diem
990 3704 1020 3749 ut
1033 3695 1134 3749 testum
1150 3698 1363 3751 commemorari
1377 3700 1462 3754 ctiam
1482 3701 1511 3756 in

359 3770 439 3824 lastis
475 3770 644 3838 quibusdam
679 3772 820 3841 ‘liegillat
849 3768 963 3822 Tu'uuit
995 3767 1012 3820 i.
1044 3784 1066 3819 e.
1102 3765 1190 3819 ‘liber'
1217 3766 1324 3821 iciunii’
1359 3769 1510 3842 inscriptis.

361 3858 430 3925 (ΧΠ,
450 3865 479 3913 3:
519 3862 600 3922 xp:
617 3863 664 3908 ἓν
682 3863 742 3908 :7³2
759 3845 900 3908 '¹1:⁸⁸7n2‘1.
939 3856 969 3908 ln
988 3853 1088 3922 quilius¹
1105 3853 1185 3907 t'astis
1205 3854 1348 3909 chaldaice
1368 3874 1453 3913 conce
1474 3860 1512 3913 tis

360 3929 482 3997 satisque
501 3928 626 3995 antiquis
653 3927 766 3993 (litteris
793 3927 898 3978 murati
925 3925 1052 3978 ridentur
1076 3925 1167 3977 medio
1191 3926 1248 3980 tere
1268 3928 1379 3981 sacculo
1398 3947 1425 3998 p.
1447 3878 1509 3984 dur.

361 4019 387 4053 n.
406 4000 507 4069 primo)
528 3998 587 4051 dies
607 3998 773 4059 iudicantur,
793 3996 893 4064 cprilma
912 3997 1046 4050 ieiunium
1065 3996 1207 4050 obseruari
1222 3999 1263 4051 fas
1282 4015 1338 4052 non
1357 4002 1408 4053 cst.
1445 4001 1510 4055 Edi-

361 4071 460 4126 derunt
474 4073 692 4138 enarrunmtque
707 4071 772 4138 post
785 4068 897 4122 brevem
913 4067 1072 4123 Sulrudoris
1086 4066 1306 4137 disputationem
1321 4070 1461 4139 (histoire
1476 4073 1510 4129 dc
