3690 5086
347 469 389 530 32

436 629 522 696 Hinc
546 634 583 696 ut
607 630 647 695 ad
671 631 801 716 singula
825 640 1037 722 revertamur,
1069 658 1136 700 rrorr
1160 635 1271 699 haberi
1300 632 1496 716 integrum

349 733 463 800 Sctum
496 739 529 801 et
556 757 615 821 per
643 757 677 800 sc
705 737 788 802 satis
815 743 908 823 patet
934 745 968 805 et
1002 744 1142 806 maxime
1179 762 1218 805 ex
1253 737 1497 823 comparatione

348 841 502 907 Thisbaei
535 864 639 927 nuper
671 843 793 926 reperti
825 843 966 928 aditique
993 869 1013 910 a
1039 847 1200 912 Foucarto
1232 844 1366 911 Parisiis
1402 845 1496 929 1872,

347 950 401 1033 qui
425 950 486 1014 etsi
510 947 548 1013 de
573 954 718 1033 tempore
741 947 891 1015 Flaviani
913 950 1008 1014 huius
1032 953 1100 1018 Scti
1124 955 1193 1037 ipsc
1216 972 1342 1036 quoque
1365 971 1495 1035 perver-

347 1077 400 1120 sos
424 1055 556 1119 lirebsii
580 1053 811 1138 lluebnerique
841 1055 982 1120 calculos
1005 1061 1135 1121 secutus
1163 1063 1225 1142 est,
1252 1064 1362 1123 tamen
1389 1056 1495 1121 borrae

345 1161 449 1247 frugis
486 1160 590 1225 multa
627 1160 661 1224 in
694 1161 902 1226 enarratione
934 1162 1125 1243 composuit.
1170 1163 1250 1228 Post
1286 1185 1382 1247 quem
1419 1184 1492 1228 cum

347 1266 570 1332 Mommsenus
595 1266 720 1352 ephem.
744 1267 846 1353 epigr.
869 1265 946 1331 fasc.
969 1263 1016 1328 IV
1039 1287 1071 1350 p.
1085 1266 1277 1333 278-298
1306 1269 1385 1333 item
1415 1267 1495 1334 illud

347 1374 385 1438 de
418 1373 590 1438 Thisbaeis
624 1369 735 1437 Sctum
769 1375 803 1435 et
835 1371 1002 1456 repetierit
1033 1374 1067 1434 et
1097 1374 1228 1457 egregio
1261 1375 1494 1440 commentario

347 1481 484 1565 ornarit,
516 1480 593 1544 nolo
617 1499 679 1564 ego
703 1478 789 1543 circa
814 1478 1016 1563 singulorum
1038 1477 1211 1542 verborum
1244 1481 1494 1564 explicationem

346 1586 400 1650 diu
422 1586 567 1669 haerere,
590 1584 817 1649 memorabilia
841 1583 998 1668 quaedam
1021 1583 1170 1668 tetigisse
1193 1589 1373 1653 contentus.

433 1692 569 1758 Factum
594 1691 696 1776 igitur
718 1693 769 1753 est
791 1690 854 1756 hoc
877 1689 987 1754 Sctum
1011 1689 1109 1754 εἰδοῑ(
1133 1691 1341 1770 Δεκεμβρίαις
1349 1693 1373 1780 ¹)
1396 1697 1493 1780 ἐντῷ

344 1805 400 1880 τῆ(
422 1799 593 1879 Ὁμονοίας
618 1802 695 1881 ναῷ,
720 1796 741 1860 i.
764 1818 790 1860 e.
814 1795 843 1861 d.
866 1795 945 1860 Xlll
967 1817 1008 1860 m.
1031 1793 1108 1860 Dec.
1131 1817 1160 1859 a.
1174 1796 1324 1880 aranas.
1370 1796 1493 1866 Consu·

345 1906 392 1970 les
416 1910 493 1970 tunc
517 1907 610 1969 erant
634 1902 691 1968 Cn.
716 1902 776 1988 (sic
793 1899 938 1967 Cassiod.
952 1902 1037 1986 epit,
1056 1900 1146 1967 codd
1170 1901 1294 1968 Valerii
1316 1904 1332 1969 I
1355 1906 1386 1990 3,
1409 1905 1493 1995 31..)

346 2009 541 2096 Calpurnius
565 2009 651 2094 Piso,
673 2009 716 2073 M.
739 2008 900 2094 Popillius
923 2007 1057 2093 Laenas,
1080 2030 1218 2094 quorum
1240 2009 1294 2075 hic
1316 2011 1352 2075 in
1374 2010 1493 2097 Hispa·

344 2118 433 2182 niam
456 2117 639 2182 citeriorem
668 2115 787 2180 missus
811 2120 882 2180 erat
904 2137 977 2180 cum
1000 2112 1210 2181 Numantinis
1233 2116 1391 2181 bellatum
1410 2116 1493 2205 (Ap-

344 2225 430 2309 pian.
453 2224 536 2288 lber.
561 2224 611 2307 79,
635 2222 707 2287 coll.
731 2220 801 2286 Liv.
829 2221 998 2309 epitriti),
1030 2222 1113 2287 alter
1144 2244 1208 2306 quo
1240 2223 1360 2288 missus
1391 2223 1490 2289 fuerit

344 2354 411 2395 non
433 2334 573 2396 constat.
619 2328 718 2393 Certo
746 2333 860 2393 neuter
888 2329 1014 2413 aderat,
1044 2350 1117 2392 cum
1149 2328 1344 2395 ludaeorum
1376 2330 1493 2415 legatis

346 2443 477 2504 senatus
511 2436 642 2500 daretur
673 2434 810 2518 ideoque
843 2433 878 2499 L.
906 2434 1054 2499 Valerius
1084 2433 1120 2499 L.
1142 2435 1164 2499 f.
1186 2439 1319 2520 praetor
1349 2437 1492 2503 urbanus

345 2549 493 2609 senatum
518 2541 689 2608 consuluit.
736 2538 872 2626 Collega
900 2541 968 2605 cius
996 2545 1067 2605 erat
1094 2539 1151 2605 Cn.
1176 2538 1345 2607 Cornelius
1373 2541 1492 2627 Hispa-

343 2652 404 2736 lns,
427 2651 482 2735 qui
506 2649 650 2733 ‘praetor
673 2647 865 2731 peregrinus
888 2647 931 2711 M.
948 2645 1075 2730 Popilio
1099 2645 1240 2712 Laenate
1263 2648 1299 2714 Ia
1313 2645 1491 2733 Calpurnio

345 2781 427 2824 coss.
457 2756 562 2820 edicto
594 2753 777 2818 Chaldaeos
808 2756 895 2818 intra
925 2753 1081 2818 decimum
1115 2753 1199 2818 diam
1230 2755 1319 2819 abire
1350 2778 1390 2819 ex
1413 2754 1491 2819 urbe

345 2871 441 2948 atque
465 2862 564 2926 ltalia
588 2861 692 2943 iussit,
715 2859 842 2924 levibus
866 2864 898 2922 et
921 2860 1039 2943 ineptis
1062 2860 1202 2944 ingeniis
1225 2860 1336 2924 fallaci
1350 2860 1491 2926 siderum

347 2968 616 3055 interpretatione
641 2970 871 3050 quaestuosam
896 2964 1068 3028 mendaciis
1092 2965 1160 3029 suis
1174 2965 1345 3049 caliginem
1361 2966 1490 3030 inicien-

346 3083 404 3142 tes
442 3070 731 3149 idemludaeis,
756 3071 821 3154 qui
845 3068 988 3134 Sabaai
1011 3069 1152 3156 Iovis²)
1177 3071 1282 3135 cultu
1299 3071 1491 3137 Romanos

345 3227 433 3279 resero
444 3225 599 3284 clausulam
610 3230 689 3283 illam
700 3235 789 3283 ταῦτα
800 3230 911 3292 ἐγένετο
921 3229 963 3281 ἐπὶ
975 3228 1111 3294 Ὑρκανοῦ
1122 3229 1270 3295 ἀρχιερέως
1285 3232 1329 3283 καὶ
1344 3230 1491 3297 ἐθνάρχου,

344 3301 424 3350 ἔτους
443 3299 544 3350 ἐνάτου
565 3303 650 3366 μηνὸς
664 3301 807 3362 Πανέμου,
822 3317 877 3352 nou
888 3299 1020 3367 scriptam
1034 3298 1113 3352 illam
1127 3299 1258 3353 nimirum
1272 3317 1290 3353 a
1303 3300 1418 3372 civitate
1433 3300 1490 3366 illa,

344 3369 392 3421 sed
409 3368 609 3439 Hierosolymis
629 3372 664 3423 ab
684 3370 773 3423 archii
792 3369 966 3423 curatoribus
985 3368 1131 3423 adiectam.
1160 3369 1297 3424 Paucmus
1315 3372 1410 3424 autern
1424 3371 1491 3424 noni

346 3439 466 3506 Hyrcani
491 3442 564 3506 anni,
585 3442 608 3494 si
627 3441 740 3509 quidem
761 3441 840 3521 regni
859 3440 968 3494 initium
992 3439 1040 3492 ille
1059 3440 1123 3493 inde
1142 3457 1159 3493 a
1176 3440 1280 3495 Nisaue
1298 3441 1365 3495 anni
1383 3460 1407 3496 a.
1428 3441 1491 3495 Chr.

346 3516 379 3562 70
395 3512 577 3578 computavit,
597 3517 673 3565 certo
694 3519 736 3564 cst
757 3512 843 3564 lrrlrus
859 3510 1076 3579 chirophorion,
1095 3511 1228 3578 Thamna)
1248 3512 1314 3566 anni
1333 3518 1376 3567 οἳ.
1406 3514 1491 3567 rlthe-

347 3580 486 3634 niensium
505 3586 599 3636 autern
624 3583 767 3635 decretum
796 3599 859 3635 cum
887 3582 990 3635 sactum
1018 3581 1054 3634 sit
1073 3581 1266 3650 Munychionc,
1293 3583 1311 3637 i.
1331 3601 1355 3637 ο,
1383 3583 1491 3637 duobus

345 3651 486 3704 rrrerrsibus
506 3657 583 3718 mite,
603 3653 774 3723 Agathocles
794 3653 898 3706 archon
917 3652 971 3705 suit
984 3669 1008 3705 a.
1028 3659 1150 3717 (tt-62,
1170 3654 1205 3706 ol.
1227 3659 1286 3718 179,
1305 3661 1330 3718 3,
1349 3654 1359 3706 i
1381 3671 1441 3708 snm
1458 3685 1490 3695 -

344 3740 397 3790 que
416 3722 558 3777 decretum
579 3724 607 3776 in
626 3723 700 3777 Maio
720 3723 779 3777 scre
804 3740 898 3777 mense
921 3723 984 3776 armi
1005 3730 1037 3776 62
1058 3741 1081 3776 a.
1098 3721 1161 3778 Chr.
1179 3743 1206 3778 u.
1226 3726 1351 3778 collocari
1373 3742 1419 3777 um
1439 3729 1490 3779 est.

344 3793 477 3846 ‹tonsuno
497 3811 563 3848 vero
583 3794 699 3857 Corsini,
717 3794 836 3857 h'rehsii‚
851 3794 946 3847 Meieri
966 3794 1033 3861 (ind.
1049 3794 1113 3848 lect.
1132 3794 1194 3848 Hal.
1213 3799 1280 3849 aest.
1303 3802 1371 3850 18⁶4
1386 3813 1412 3863 p.
1432 3796 1490 3857 llll.

343 3865 463 3917 aliorum
482 3864 685 3934 disputationes
705 3865 818 3918 silentio
839 3865 1011 3934 praetermisi
1030 3864 1134 3933 quippe
1146 3869 1256 3933 reperto
1266 3867 1323 3919 iarn
1333 3865 1489 3934 Agathocle

344 3935 466 3999 inutiles,
485 3935 608 4004 itemque
627 3936 755 4004 improbo
776 3954 847 4003 quac
868 3942 963 4005 postea
974 3935 1042 3988 rrrihi
1057 3935 1238 3989 innotuerunt
1248 3937 1371 3990 rationes
1381 3935 1489 3990 Ditten·

343 4005 452 4074 bcrgeri
472 4005 530 4072 l‘de
550 4007 666 4075 ephebis
686 4007 798 4059 Atticis’
821 4007 945 4075 [totting.
969 4013 1034 4059 1863
1050 4025 1076 4074 p.
1093 4010 1118 4059 ol
1139 4007 1318 4076 Grrsbergeri
1334 4006 1489 4075 ql'crharrd·

345 4078 447 4146 lrrugcn
466 4077 516 4129 der
540 4078 637 4146 philol.
658 4077 847 4130 Gesellschul't
874 4078 902 4130 in
929 4077 1114 4145 Wucrzbrrrg’
1147 4085 1259 4146 18621).
1283 4084 1336 4143 1³),
1358 4077 1490 4132 Kochleri

345 4149 449 4213 qurm.
468 4153 489 4201 t.
510 4147 561 4202 Vll
580 4167 606 4217 p.
624 4155 649 4215 1)
669 4148 784 4201 titulum
802 4148 884 4200 illum
902 4149 989 4201 altero
1008 4165 1032 4201 a.
1049 4146 1112 4200 Chr.
1132 4165 1157 4202 u.
1177 4148 1288 4202 sacculo
1302 4149 1489 4217 compositum

344 4236 404 4271 esse
443 4235 474 4271 ro
493 4223 569 4272 certo
588 4219 805 4283 adtirrnantimn,
825 4237 991 4287 qumuquam
1011 4217 1129 4287 primum
1151 4218 1290 4272 succulum
1312 4235 1347 4286 qa.
1363 4226 1489 4288 47-40)

419 4237 448 4341 C.
469 4289 574 4343 h'cilius
594 4289 840 4343 commendaverat
858 4291 927 4343 Mus.
948 4290 1034 4342 Rhen.
1054 4295 1074 4343 t.
1095 4288 1184 4342 XVlll
1204 4309 1229 4358 p.
1245 4297 1286 4344 61.

419 4362 437 4421 1)
456 4360 497 4414 Dc
517 4361 623 4426 diebus,
643 4361 743 4428 quibus
764 4367 890 4414 serratum
902 4359 1118 4420 labor-ilicetum.
1139 4379 1209 4413 rurnc
1228 4359 1356 4430 inprimis
1371 4361 1491 4417 videnda

345 4437 421 4496 sunt,
450 4450 520 4501 quae
557 4435 613 4485 rost
642 4431 779 4500 Larrgirmr
800 4435 830 4486 A.
853 4432 882 4486 ll.
903 4433 927 4485 ll
947 4451 972 4501 p.
992 4438 1043 4485 366
1063 4448 1123 4498 sqq.
1151 4432 1306 4485 luculenter
1334 4430 1491 4501 disputavit

345 4501 373 4555 C.
393 4502 524 4556 Bardtius
544 4451 663 4556 llernrae
682 4507 702 4556 t.
724 4501 774 4555 Vll
794 4520 820 4571 p.
844 4511 874 4557 14
894 4520 953 4572 sqq.

416 4573 437 4640 ²)
456 4572 599 4628 Nimirum
625 4573 670 4627 hic
699 4590 754 4628 non
783 4580 825 4626 est
845 4574 983 4642 Phrygum
1003 4573 1197 4641 Thracumque
1215 4573 1264 4626 ille
1283 4573 1410 4627 Bacchus
1430 4575 1489 4629 sive

345 4308 399 4341 ram
