3690 5086
434 531 537 612 [Quae
551 535 678 597 restant
692 529 770 597 Scta
784 530 859 612 duo,
869 531 962 620 (XIII
975 536 1006 617 9,
1018 533 1053 615 23
1067 531 1143 596 XIV
1158 536 1275 620 rulo),
1285 556 1324 600 ea
1334 536 1497 602 similibus

348 639 434 703 curis
458 641 602 703 tractata
629 639 663 703 in
686 636 772 703 Frid.
796 637 966 704 Ritschelii
990 637 1088 703 ‘actis
1117 639 1285 704 societatis
1308 639 1497 726 philologus

344 743 540 830 Lipsiensis’
569 766 645 809 mox
677 743 821 809 edentur.
869 744 1089 810 Adnecteutur
1117 740 1266 809 Caesaris
1297 748 1331 809 et
1358 745 1496 811 aliorum

345 850 597 935 magistratuum
621 849 844 916 Romanorum
869 873 928 936 pro
952 849 1079 914 Iudaeis
1102 848 1231 916 decreta
1254 847 1357 937 (XIV,
1379 850 1433 937 10)
1456 850 1497 916 ad

344 961 527 1042 temporum
543 956 681 1040 ordines,
695 956 802 1040 quoad
817 957 886 1021 eius
902 956 970 1020 lieri
990 959 1108 1040 potest,
1123 961 1276 1023 revocata
1294 962 1328 1022 et
1341 956 1497 1023 vetustio-

344 1086 415 1129 rum
436 1063 586 1128 Sctormn
615 1062 657 1127 ad
680 1060 830 1127 Croesaris
860 1085 958 1149 usque
987 1066 1136 1147 tempora
1159 1064 1320 1130 sactorum
1345 1063 1497 1150 syllogel.

818 1275 1029 1285 ..-.---.-

765 1459 1081 1552 Epiiiiretrum.

436 1633 565 1701 Dudum
584 1635 665 1700 haec
685 1634 879 1718 scripseram
899 1635 1069 1719 operisque
1087 1631 1176 1714 typis
1195 1630 1408 1696 describenda
1430 1632 1496 1696 iarn

344 1743 523 1807 traditurus
542 1765 641 1823 claui,
665 1764 739 1806 cum
759 1740 940 1806 Fridericns
959 1739 1157 1806 llil-schelius
1177 1760 1309 1804 suarum
1325 1736 1372 1803 ‘in
1390 1738 1497 1823 legem

345 1848 518 1914 Viselliam
528 1847 709 1914 Antoniam
721 1845 908 1930 Corneliam
923 1846 1187 1912 obseruationum
1197 1843 1497 1929 epigraphicarum’

346 1955 479 2038 (iterum
504 1954 706 2039 proditarum
731 1953 876 2018 Berolini
900 1977 928 2018 a.
955 1952 1054 2038 1860)
1078 1975 1129 2017 ine
1153 1952 1336 2035 muronuit,
1360 1972 1497 2036 quarum

347 2062 380 2124 in
404 2062 588 2125 ruariduuda
610 2062 788 2144 scriptione
816 2061 886 2144 ipse
910 2062 1081 2125 immemor
1103 2059 1228 2124 fnisset.
1269 2057 1335 2123 Ubi
1360 2059 1411 2122 vir
1433 2059 1497 2123 cla·

347 2168 494 2231 rissimus
520 2189 628 2231 verrini
655 2166 723 2232 Seli
748 2189 868 2231 aurnum
895 2167 1017 2250 pridem
1049 2167 1292 2251 significaverat
1315 2165 1396 2230 lraec
1419 2166 1498 2230 scri·

347 2273 425 2337 beris
448 2296 479 2356 p.
494 2270 590 2338 XIII:
614 2271 790 2347 ‘Quattuor
804 2273 853 2337 vel
870 2273 978 2356 potius
994 2273 1134 2357 quinque
1149 2271 1309 2355 exempla’
1325 2271 1496 2358 (adscripti

346 2380 381 2442 iu
405 2380 510 2444 senati
535 2379 692 2443 consultis
717 2377 939 2443 Romanorum
968 2401 1040 2442 cum
1069 2378 1132 2441 dici
1157 2383 1227 2442 tum
1250 2378 1330 2464 loci)
1354 2377 1498 2461 ‘Iosephi

346 2484 569 2569 Antiquitates
593 2485 744 2549 Iudaicae
769 2484 987 2569 suppeditant,
1010 2505 1093 2569 quae
1111 2488 1297 2567 temporum
1321 2485 1435 2549 ordine
1458 2506 1497 2548 eo

347 2592 529 2675 perscripta
548 2592 670 2655 subieci
691 2613 786 2674 quem
808 2591 872 2654 alio
893 2590 963 2655 loco
982 2589 1091 2654 dedito
1110 2612 1210 2674 opera
1229 2591 1377 2656 firmabo.
1401 2589 1498 2655 Anno

346 2699 447 2783 igitur
471 2700 536 2763 ola
560 2721 589 2761 u,
614 2720 639 2761 e.
666 2696 699 2761 L.
718 2695 870 2761 Valerius
896 2695 929 2760 L.
952 2698 973 2761 f.
997 2700 1128 2779 praetor
1151 2699 1436 2776 συνεβουλεύσατο
1460 2704 1498 2782 τῇ

348 2808 517 2888 συγκλήτῳ
542 2805 640 2868 εἰδοῖε
664 2805 874 2883 Δεκεμβρίου(
902 2807 938 2867 ἐν
962 2809 1007 2886 τῷ
1030 2809 1084 2881 τῆ(
1107 2803 1278 2881 Ὁμονοία(
1303 2810 1402 2888 ναῷ.
1428 2856 1434 2867 .
1459 2856 1465 2868 .
1490 2854 1497 2867 .

348 2917 431 2988 teste
458 2910 595 2994 Iosepho
621 2909 705 2994 xlv,
730 2912 759 2992 8,
783 2909 830 2974 ir':
862 2933 887 2974 e.
911 2932 939 2993 q.
964 2935 987 2974 s.
1013 2947 1052 2954 -
1077 2911 1199 2984 Quodsi
1232 2913 1295 2976 iam
1321 2913 1426 2976 omnis
1451 2913 1498 2976 iu·

350 3018 435 3081 venti
461 3018 531 3080 laus
556 3017 596 3080 ad
621 3018 727 3099 ipsum
756 3022 998 3099 praeceptorem
1027 3018 1253 3081 trmrsl‘ereuda
1285 3019 1360 3103 erit,
1388 3022 1499 3083 turrien

348 3125 457 3188 neseio
491 3146 533 3187 an
567 3123 665 3184 etiam
699 3121 779 3184 haec
813 3127 925 3186 nostra
954 3122 1083 3185 uberior
1111 3125 1315 3189 continuatio
1346 3125 1498 3189 utilitatis

350 3232 471 3315 aliquid
501 3230 655 3293 habitura
683 3229 739 3310 sit,
769 3229 868 3292 donec
900 3252 974 3291 suas
998 3228 1053 3291 ille
1078 3230 1345 3296 ratiocinationes
1369 3233 1498 3315 plenius

350 3337 475 3421 aperire
500 3335 648 3400 voluerit.

818 3549 1028 3559 ——a--a--a

739 3747 841 3820 Vita
868 3750 1110 3842 scriptoris.

440 3922 546 3990 Natus
575 3921 775 4008 Oldenburgi
807 3925 857 3987 die
886 3923 931 3988 Vl
962 3925 1081 3988 mensis
1111 3923 1194 3988 Iunii
1229 3947 1257 3989 a.
1288 3925 1373 3988 1852
1404 3922 1499 3986 fidem

352 4030 506 4113 profiteor
530 4030 760 4116 evangelicmu.
789 4029 929 4094 Vixdum
953 4037 1077 4094 sextum
1103 4031 1221 4094 aetatis
1240 4051 1360 4093 anuum
1379 4031 1501 4114 ingres·

353 4162 406 4203 sus
431 4162 451 4203 a
473 4143 566 4223 patre
590 4138 760 4203 carissimo
785 4136 1050 4221 praeceptoribus
1074 4137 1265 4201 erudiendus
1290 4135 1430 4198 traditus
1454 4137 1501 4200 iu-

352 4246 532 4310 stitutionis
562 4244 778 4309 scholasticae
807 4265 937 4307 cursum
966 4265 1094 4307 ornnem
1123 4247 1217 4306 sueta
1240 4241 1367 4305 ratione
1390 4263 1501 4324 percu-

352 4354 447 4415 curri.
499 4352 612 4436 Itaque
649 4355 824 4436 postquam
861 4349 1067 4433 gymnasium
1100 4347 1380 4432 (lldenburgeuse,
1417 4350 1501 4433 quod

353 4456 512 4522 Henricus
532 4455 673 4521 Steinius
697 4459 748 4521 rir
770 4455 919 4541 egregius
947 4457 1123 4519 etianmum
1153 4475 1281 4518 summa
1308 4477 1379 4520 cum
1408 4457 1502 4522 lande
