3690 5086
431 111 624 182 Attulerant
646 117 747 202 igitur·
769 110 953 180 Alexander
976 112 1100 178 Iasonis
1134 110 1154 178 l.
1177 117 1211 177 et
1229 108 1410 179 Numenius
1430 111 1496 177 An·

342 222 445 288 tiochi
478 223 499 287 f.
532 227 565 287 et
592 223 774 288 Alexander
806 221 967 286 Dorothei
995 220 1029 305 li.
1056 241 1083 284 e.
1115 218 1289 295 lonathael
1322 221 1344 284 f.
1372 219 1496 285 ἀσπίδα

343 335 467 409 χρυσῆν
491 331 658 409 σύμβολον
682 335 737 407 τῆ(
761 329 942 406 συμμαχία(
961 326 1139 403 γενομένην
1163 324 1230 390 ἀπὸ
1253 329 1385 406 χρυσῶν
1409 348 1496 406 μυρι·

343 438 432 501 ἁδων
441 435 464 524 ¹)
493 439 599 502 πέντε.
646 435 740 511 (laod
770 435 877 519 ipenru
905 434 1001 518 plane
1030 430 1068 495 de
1096 453 1186 495 more
1216 433 1323 498 tiebat.
1370 433 1497 519 Quippe

343 565 532 608 concessum
564 546 634 608 erat
663 540 776 605 anrieia
803 539 905 626 pit,
934 543 969 605 nt
1001 539 1035 602 in
1062 535 1227 623 Capitolio
1260 545 1292 605 et
1326 563 1420 606 saera
1452 540 1498 604 la-

343 654 454 715 cerent
467 653 499 713 et
514 649 648 714 donaria
672 647 833 711 ottcrreut.
862 646 915 733 (λ’.
935 645 1120 710 Brissouius
1135 644 1174 709 de
1189 646 1319 711 formul.
1334 647 1382 712 ed.
1397 646 1498 712 Bach.

345 757 399 821 lib.
426 756 458 820 ΙΙ
485 780 516 842 p.
544 756 610 821 232
639 778 716 839 sqq,
747 751 970 818 Mommsenus
1002 774 1101 818 roem.
1130 751 1265 820 Forsch.
1297 754 1312 818 I
1348 778 1379 840 p.
1408 755 1499 841 347).

343 861 455 928 Veluti
478 865 513 927 in
536 861 613 927 Scto
637 860 676 924 de
696 859 867 925 Thisbaeis
892 883 937 925 vs.
956 861 998 925 32
1021 859 1101 924 haec
1125 861 1248 945 scripta
1272 866 1366 927 sunt:
1389 861 1497 927 ὡσαύ-

343 990 407 1033 τω(
431 971 504 1047 περὶ
523 967 571 1032 ὧν
590 967 620 1032 ol
640 967 759 1048 αὐτ[ο“ι]
781 966 899 1045 λόγου(
919 968 1116 1045 ἐποιήσαντο
1137 967 1272 1046 χρυσίον
1295 970 1314 1033 ὃ
1339 971 1498 1047 συνήνεγ-

344 1097 403 1140 καν
432 1076 477 1140 εἰ(
505 1078 687 1155 στέφανον,
717 1074 835 1156 [drmit
869 1075 914 1140 εἰ(
946 1076 984 1138 τό
1015 1075 1222 1139 Καπετώλιον
1251 1076 1421 1154 στέφανον
1445 1097 1498 1140 κα·

344 1181 594 1247 τασκευάσωσιν
609 1232 693 1259 .....
713 1181 747 1245 in
770 1179 847 1246 Scto
867 1180 906 1245 de
925 1180 1171 1266 Astypalaeens.
1194 1203 1242 1246 va.
1269 1183 1305 1246 ll
1333 1204 1379 1267 sq.
1404 1178 1454 1266 (C.
1473 1182 1499 1248 I.

345 1287 362 1345 ί
362 1287 401 1353 tr.
429 1312 460 1353 n.
487 1286 604 1372 rtem:
633 1288 749 1352 θυσίαν
773 1308 807 1352 τε
832 1289 869 1352 έν
899 1288 1100 1371 Καπετωλίῳ,
1129 1287 1188 1352 ἐὰν
1212 1289 1297 1372 θέλῃ,
1327 1293 1499 1371 ποιῆσλαιλ,

345 1395 378 1458 iu
393 1393 469 1459 Scto
485 1395 523 1459 de
538 1393 734 1479 Asclepiade
749 1398 808 1458 cet.
827 1417 875 1458 us.
898 1394 954 1458 25:
978 1395 1103 1459 τούτοι(
1127 1415 1162 1459 τε
1187 1393 1332 1476 πίνα[κα]
1359 1400 1500 1475 χαλκοῦν

346 1502 453 1580 φιλία(
481 1502 517 1591 ἐν
545 1507 591 1586 τῷ
621 1501 814 1586 Καπετωλίῳ
842 1499 1007 1567 ἀναθεῖναι
1035 1495 1151 1567 θυσίαν
1178 1523 1213 1567 τε
1246 1508 1378 1581 ποιῆσαι
1403 1505 1498 1588 ἐξ[ῇ1;

345 1608 385 1672 οί.
408 1606 477 1672 Liv.
500 1608 541 1690 II,
565 1611 621 1690 223
645 1606 747 1692 XXII,
770 1607 827 1693 373
854 1604 1005 1692 XXVIII,
1028 1608 1085 1690 393
1107 1605 1223 1691 XLIII,
1247 1609 1280 1692 d,
1304 1606 1420 1692 XLIV,
1448 1611 1500 1690 143

346 1712 381 1778 C.
404 1714 429 1778 Ι.
457 1712 493 1778 L.
519 1714 585 1778 ln.
609 1714 800 1797 ont-aem
829 1714 971 1799 Appian.
993 1712 1065 1799 Syr.
1089 1716 1141 1791 47,
1166 1715 1207 1780 al.
1252 1714 1457 1800 Quamquam
1481 1735 1501 1777 a

346 1819 558 1885 sacrificando
583 1822 694 1887 Iudaei
716 1821 868 1886 nimirum
893 1821 1129 1887 abstinuerunt.

434 1924 582 2012 Denique
605 1928 707 2014 legati
730 1932 847 2014 petunt
864 1929 1032 2008 γράμματα
1056 1929 1137 2007 πρό(
1162 1951 1195 1996 τε
1220 1931 1277 1995 τὰ(
1301 1929 1499 2006 αὐτονομου-

346 2033 443 2108 μένα(
468 2034 578 2100 πόλει(
603 2038 654 2100 καὶ
678 2037 758 2113 πρὸ(
784 2038 927 2115 βασιλεῖ(
951 2037 1032 2116 ὑπὲρ
1051 2042 1110 2101 τοῦ
1128 2040 1187 2116 τήν
1206 2059 1240 2102 τε
1261 2038 1372 2116 χώραν
1392 2035 1500 2100 αὐτῶν

346 2140 398 2203 καλ
421 2142 497 2204 τοὺ(
522 2143 651 2218 λιμένα(
675 2141 783 2205 ἀδεία(
807 2141 978 2220 τυγχάνειν
1001 2144 1052 2207 καὶ
1076 2147 1175 2222 μηδὲν
1198 2143 1386 2209 ἀδικεῖσθαι.
1411 2140 1500 2217 Quae

347 2267 545 2330 precesque
569 2248 775 2332 tetenderint,
799 2271 837 2313 ex
861 2248 907 2312 eis
927 2270 1007 2333 qnae
1028 2249 1067 2313 de
1085 2249 1289 2334 temporibus
1313 2249 1409 2312 huius
1433 2245 1501 2312 Scti

346 2350 597 2439 disputavimus,
626 2355 707 2419 satis
737 2355 849 2420 elucet.
895 2353 1025 2421 Scilicet
1047 2355 1158 2420 Iudaei
1186 2358 1247 2421 etsi
1275 2354 1500 2421 immunitates

348 2458 422 2523 illas
437 2482 457 2523 a
471 2458 638 2525 Demetrio
663 2461 771 2546 adepti
795 2466 897 2546 eraut,
915 2465 1024 2527 tamen
1049 2483 1131 2545 quae
1150 2465 1238 2526 esset
1255 2480 1370 2546 regum
1386 2456 1501 2542 Syriae

347 2564 483 2648 perfidia
514 2588 573 2630 usu
605 2567 729 2652 experti
758 2589 825 2631 non
856 2566 1062 2651 ignorabant.
1116 2564 1162 2630 Ut
1195 2567 1276 2631 satis
1308 2587 1502 2651 persuasum

346 2669 505 2736 haberent
540 2672 647 2754 illum,
681 2677 718 2736 ut
749 2670 892 2756 primum
919 2669 1129 2755 Tryphonem
1158 2677 1358 2755 superasset,
1389 2671 1423 2736 iu
1450 2670 1501 2735 Iu·

347 2775 461 2842 daeam
482 2779 597 2843 statim
621 2800 691 2842 esse
706 2780 907 2862 inrupturum
927 2796 1141 2859 concessaque
1164 2778 1274 2842 omnia
1293 2779 1502 2843 aboliturum.

348 2881 490 2948 Maxime
525 2891 634 2950 autem
663 2885 709 2950 eis
741 2884 835 2966 locis,
865 2904 946 2967 quae
971 2881 1083 2947 Simon
1111 2883 1208 2949 modo
1237 2889 1382 2970 ceperat,
1409 2886 1501 2950 time-

347 2991 436 3074 bant,
460 2992 611 3076 inprimis
635 2991 774 3055 fortasse
798 2989 836 3054 de
856 2990 943 3074 Iope,
966 2990 1021 3054 ubi
1040 2992 1173 3073 portum
1198 2992 1252 3056 ille
1276 2993 1502 3075 constituerat,

348 3096 490 3162 solliciti.
514 3097 587 3162 Huc
611 3099 712 3182 igitur
735 3100 885 3181 spectant
908 3096 965 3160 illa
993 3099 1080 3160 τοὺ(
1109 3099 1265 3174 λιμένα(
1294 3098 1404 3164 ἀδεία(
1428 3120 1501 3176 τυγ·

348 3203 459 3279 χάνειν
482 3207 533 3268 καί
557 3206 656 3281 μηδὲν
680 3203 866 3268 ἀδικεῖσθαι.
896 3200 1016 3277 Quodsi
1041 3201 1181 3267 Romani
1204 3203 1295 3270 ὅσων
1320 3208 1502 3286 ἐδεήθησαν

347 3314 471 3405 τυχεῖν,
503 3309 595 3374 ταῦτ’
622 3310 731 3373 adroic
767 3311 935 3387 παρέσχον
966 3310 1014 3371 καὶ
1049 3312 1107 3388 τὴν
1139 3316 1349 3389 κομισθεῖσαν
1380 3311 1501 3377 ἀσπίδα

349 3418 603 3493 προσεδέξαντο,
634 3437 777 3480 summae
802 3435 879 3479 sane
903 3413 1046 3477 laetitiae
1074 3415 1203 3479 iudaeis
1234 3417 1325 3483 locus
1354 3422 1438 3501 erat,
1467 3423 1503 3482 nt

348 3522 466 3605 quibus
491 3522 564 3588 inde
585 3525 625 3587 ab
646 3523 702 3586 illo
727 3529 873 3605 tempore
888 3521 1123 3604 patrocinaturi
1145 3529 1254 3587 essent
1268 3523 1408 3589 Romani
1433 3549 1501 3590 eoa·

348 3650 409 3710 qne
434 3628 475 3692 ab
501 3630 591 3693 omni
615 3630 804 3692 iniuriarum
829 3647 945 3711 genere
969 3627 1141 3693 defensuri.

424 3839 442 3903 1λ
463 3838 602 3891 Nimirum
617 3856 673 3891 non
687 3843 752 3891 sunt
768 3836 879 3894 ‘aurei'.
895 3836 943 3889 sed
958 3836 1026 3895 sicli.
1042 3854 1160 3907 quornm
1176 3840 1381 3910 qninquaginta
1396 3840 1502 3898 ruinam

348 3907 507 3962 alliciebant
523 3928 558 3973 ιν.
572 3909 728 3963 Boeekhins
740 3908 862 3962 ‘metrol
876 3907 994 3962 intera)
1012 3927 1036 3977 p.
1049 3917 1081 3963 53
1098 3919 1179 3978 aeppl,
1196 3917 1226 3965 nt
1243 3932 1309 3966 sarie
1326 3914 1403 3967 ruillc
1419 3915 1501 3969 ruinis

350 3978 493 4046 scriptoris
515 3980 531 4032 l.
554 3981 561 4031 I
584 3981 668 4033 Illaec.
689 3980 886 4049 respondeant.

819 4141 1031 4150 ..ι-..η-

1250 4177 1286 4220 tt*
