3690 5086
448 125 604 209 Iosephus
635 125 736 212 igitur
766 127 849 192 mira
878 151 1011 212 prorsus
1043 130 1202 196 brevitate
1235 156 1287 199 res
1324 160 1343 200 a
1374 139 1504 208 Simone

356 233 467 313 gestas
495 231 723 314 perstrinrisse
752 233 891 317 primum
919 235 1071 301 dicendus
1098 240 1157 301 est
1202 236 1255 303 Ita
1278 239 1317 305 de
1340 242 1504 329 legatione

357 334 412 400 illa
443 335 622 421 litterisque
652 339 792 422 puhlicis
823 363 842 404 n
872 343 1031 426 scriptore
1059 342 1077 406 l.
1105 340 1120 405 1
1148 340 1249 409 Mace.
1277 345 1391 412 relatis
1421 350 1502 416 nihil

356 442 409 504 ille
438 443 557 508 habere
587 443 712 510 videtur
741 447 803 510 nisi
832 447 929 511 exilia
957 447 1069 512 huece:
1101 447 1238 532 (Σίμων)
1262 454 1424 533 κρατήσαι
1452 457 1505 520 διὰ

356 553 477 616 παντὸς
504 555 569 616 τῶν
598 553 761 629 πολεμίων
789 555 825 619 ἐν
854 555 962 636 εἰρήνῃ
992 556 1049 618 τὸν
1073 556 1188 619 λοιπὸν
1211 559 1345 637 διήγαγε
1374 559 1504 639 χρόνον,

355 657 618 735 ποιησάμενοε
655 661 714 722 καὶ
751 659 864 723 αύτὸε
903 661 998 738 πρὸ(
1034 660 1245 740 Ῥωμαίου(
1282 665 1503 743 συμμαχίαν

353 762 446 846 (Xlll
471 766 544 850 232).
582 771 685 841 Quam
709 765 778 828 eius
802 764 996 830 brevitatem
1020 787 1091 830 eum
1115 788 1227 832 omnes
1251 768 1369 833 merito
1393 770 1500 837 mirat‘

354 870 432 952 sint,
461 872 602 936 nondum
632 878 740 936 tamen
767 871 882 935 lunum
911 893 1018 936 rerum
1046 872 1283 938 scrutatoribus
1316 897 1411 940 curae
1441 875 1503 941 fnit

355 977 534 1059 prulmbilis
558 977 740 1062 explicatio.
764 982 852 1052 thure
876 981 986 1041 tumen
1009 981 1109 1062 certa,
1133 977 1196 1043 nisi
1221 979 1331 1064 fallor,
1354 981 1421 1064 peti
1444 1004 1501 1064 po-

353 1083 416 1146 luit
435 1107 473 1148 ex
495 1084 652 1165 universa,
676 1104 773 1167 quum
796 1081 830 1146 in
849 1083 1035 1148 enarmunlis
1055 1083 1119 1148 illis
1139 1087 1341 1169 temporibus
1362 1088 1502 1172 scriptor

352 1191 626 1274 seqnitur‚1·erum
645 1189 867 1272 dispositione.
891 1188 937 1254 Ut
951 1190 1050 1275 igitur
1064 1213 1225 1255 summum
1243 1192 1290 1256 rei
1305 1195 1501 1277 aperiamus,

351 1296 453 1360 totius
476 1295 713 1380 discrepantiae
740 1296 814 1360 fons
842 1299 940 1382 utque
964 1297 1056 1383 origo
1081 1303 1228 1363 versatur
1251 1298 1289 1362 in
1312 1298 1503 1365 Demetrii

351 1403 590 1486 temporibus
614 1423 795 1487 pervorse
824 1402 869 1464 ab
897 1402 967 1468 illo
996 1404 1236 1469 eonatitutis.
1288 1405 1418 1470 Scilicet
1449 1427 1500 1470 ea-

351 1514 441 1591 ptum
468 1531 578 1594 regem
607 1508 699 1593 ponit
727 1514 804 1590 post
830 1506 987 1574 lonathne
1018 1509 1222 1594 simonisque
1252 1511 1408 1595 reditum,
1431 1513 1452 1577 i.
1476 1536 1501 1578 e.

351 1615 382 1679 in
411 1638 496 1680 anno
527 1639 554 1679 n.
583 1614 658 1679 Chr.
688 1637 716 1679 n.
749 1615 812 1678 143
841 1620 975 1679 exeunte
1010 1617 1058 1681 vel
1095 1619 1158 1681 142
1192 1617 1338 1700 ineunte;
1375 1617 1502 1684 duobus

349 1726 464 1786 τοιιίιτι
483 1722 575 1785 nimis
600 1728 684 1804 post,
707 1724 743 1785 ut
767 1743 866 1803 supra
886 1720 1033 1804 vidimus,
1057 1723 1196 1806 scriptor
1211 1724 1230 1787 l.
1248 1727 1264 1788 1
1281 1722 1381 1789 Mace.
1396 1723 1498 1790 Porro

350 1828 506 1912 Tryphon
531 1829 661 1905 ἐπειδὴ
691 1827 734 1889 τὰ
763 1828 847 1904 περὶ
876 1828 942 1891 τὸν
966 1830 1186 1908 Δημήτριον
1215 1828 1316 1905 ἐγνω
1343 1836 1500 1897 τοιοῦτο

350 1936 516 2013 λαβόντα
535 1938 656 2009 τὲλοε,
677 1931 786 1998 οὐκέτ’
805 1933 844 2012 ἡν
864 1932 1016 2016 Ἀντιόχῳ
1038 1936 1171 2014 βέβαιοε,
1192 1933 1264 1998 ἀλλ’
1283 1937 1500 2015 ἐπεβούλευεν

349 2042 432 2107 ὥστ’
460 2043 558 2106 αὐτὸν
581 2038 772 2105 ἀποκτείνας
800 2041 858 2117 τὴν
888 2040 1054 2119 βασιλείαν
1077 2040 1174 2104 αὐτὸ(
1202 2047 1379 2120 κατασχεῖν
1407 2040 1501 2126 (Xlll

348 2147 424 2231 op).
461 2146 583 2212 ,Deinde
614 2148 766 2210 narratur
797 2166 861 2227 qun
892 2143 947 2209 ille
980 2145 1105 2210 ratione
1128 2145 1319 2232 Ionatham,
1342 2147 1498 2215 Antiochi

347 2255 500 2338 amicum,
536 2258 573 2317 ut
606 2252 694 2318 solus
727 2251 846 2335 quippe
880 2255 1022 2331 πολέμου
1055 2252 1112 2318 οὐκ
1144 2251 1241 2318 ὄντα(
1263 2251 1499 2321 Ptolemaidem

347 2362 480 2440 reniret,
498 2358 674 2444 pellexerit.
698 2356 793 2422 Μετ’
811 2358 855 2422 ού
879 2361 976 2422 πολὺ
996 2359 1035 2423 δέ
1054 2363 1119 2438 τῆ(
1143 2359 1408 2438 αἰχμαλωσίας
1431 2368 1498 2429 τού

347 2461 572 2550 Δημητρίουζ
598 2467 657 2529 τὸν
686 2464 900 2543 Ἀλεξάνδρου
935 2465 1005 2530 υίόν
1038 2463 1223 2544 Ἀντίοχον,
1261 2469 1298 2532 tc
1331 2469 1381 2532 καὶ
1415 2470 1498 2535 Θεόε

346 2574 517 2651 ἐπεκλήθη,
541 2573 682 2650 Τρύφων
711 2573 893 2651 διέφθειρεν
926 2572 1148 2650 ἐπιτροπεύων
1179 2573 1292 2650 αὐτοῦ,
1323 2576 1498 2655 τέσσαρα

348 2681 635 2757 βασιλεύσαντα
658 2677 736 2755 ἐτη,
761 2698 958 2763 regnumque
982 2679 1052 2760 ipse
1076 2676 1201 2741 invadit
1225 2681 1413 2759 Δημήτριον
1437 2684 1495 2760 μὲν

345 2785 409 2848 ὑπὸ
437 2784 577 2863 Πάρθων
605 2783 809 2863 αἰχμάλωτον
837 2786 1005 2861 γεγονέναι
1034 2784 1176 2863 μηνύων,
1209 2785 1266 2848 τὸν
1294 2784 1323 2848 δ’
1346 2785 1495 2867 ἀδελφὸν

346 2894 446 2957 αύτού
478 2891 645 2971 Ἀντίοχον
677 2892 881 2969 παρελθόντα
911 2891 956 2956 εἰ(
985 2892 1043 2969 τὴν
1073 2889 1176 2969 ἀρχὴν
1207 2892 1314 2955 πολλὰ
1346 2896 1496 2974 ποιήσειν

345 3000 455 3063 αύτοῑε
485 2998 577 3072 κακά,
611 3002 666 3077 τήε
699 2997 903 3062 ἀποστασία(
940 2996 1141 3076 ἀμυνόμενον
1174 2993 1267 3079 (xm
1298 2994 1378 3084 7,1);
1414 3021 1496 3082 quse

345 3104 455 3168 omnia
485 3128 522 3168 ex
553 3103 684 3187 losephi
713 3103 844 3168 calculis
869 3124 954 3167 anno
985 3124 1012 3166 u
1043 3099 1118 3165 Chr.
1146 3123 1177 3165 n.
1209 3102 1272 3166 142
1301 3103 1496 3172 acciderunt.

344 3208 506 3295 Regnavit
529 3214 637 3275 autem
662 3204 819 3293 Tryphon
843 3231 944 3274 annos
967 3213 1033 3272 tres
1056 3205 1148 3292 (XIII
1174 3205 1248 3293 73).

435 3315 521 3379 llaee
541 3315 642 3400 igitur
661 3337 734 3379 eum
754 3315 849 3399 plane
869 3315 1066 3379 abhorreant
1084 3335 1104 3377 a
1122 3312 1142 3378 l.
1161 3312 1185 3378 l.
1204 3312 1314 3399 Mace,
1335 3314 1494 3401 Iosephus

345 3421 376 3483 in
396 3421 575 3486 enurrrmda
589 3420 773 3504 Tryphonis
793 3424 906 3485 contra
925 3418 1087 3485 Simonem
1109 3420 1313 3503 expeditione
1334 3421 1374 3487 ad
1398 3423 1494 3492 illum

344 3527 435 3591 redit.
468 3527 512 3591 Ar
537 3549 612 3592 vero
637 3525 761 3590 omittit
785 3526 912 3609 iterum,
935 3548 1016 3609 ηιιαε
1040 3525 1077 3589 de
1101 3525 1361 3593 immunitatibus
1387 3553 1406 3594 a
1428 3530 1492 3595 De·

343 3633 458 3698 metrio
479 3633 602 3698 Simoni
627 3632 788 3696 concessis
813 3633 994 3696 referuntur
1016 3633 1109 3714 13‚35
1133 3654 1210 3717 sqq.,
1234 3633 1387 3699 nimirum
1407 3638 1492 3720 quod

343 3761 381 3802 ex
406 3740 508 3822 ipsius
528 3738 660 3802 euleulis
685 3740 799 3820 ceptus
824 3737 890 3801 ium
915 3761 933 3800 ιι
958 3735 1086 3802 Parthis
1108 3760 1165 3804 rex
1184 3747 1255 3805 erut
1274 3739 1492 3827 Tryphonque

344 3845 432 3909 solus
456 3845 622 3930 regnabat.
664 3843 754 3928 Ergo
783 3866 855 3908 cum
885 3865 923 3906 ex
952 3844 1084 3910 ulterius
1113 3846 1241 3912 ratione
1266 3843 1396 3911 Simon
1420 3846 1492 3914 Nu-

343 3952 506 4015 menium
529 3951 684 4015 Romam
709 3949 875 4032 miserit,
899 3959 1102 4035 postquam
1130 3951 1264 4017 ludaei
1293 3974 1390 4018 anno
1420 3977 1491 4022 uer.

343 4055 414 4120 Sel.
444 4058 515 4121 170
545 4056 771 4121 libertatem
808 4080 827 4120 a
860 4057 1036 4142 legitimo
1067 4055 1203 4143 Syriae
1236 4080 1326 4144 rege
1359 4059 1490 4146 adepti
