<?xml version="1.0" encoding="UTF-8"?>
<!DOCTYPE html PUBLIC "-//W3C//DTD XHTML 1.0 Transitional//EN"
    "http://www.w3.org/TR/xhtml1/DTD/xhtml1-transitional.dtd">
<html xmlns="http://www.w3.org/1999/xhtml" xml:lang="en" lang="en">
 <head>
  <title>
</title>
<meta http-equiv="Content-Type" content="text/html;charset=utf-8" />
  <meta name='ocr-system' content='tesseract 3.04.00' />
  <meta name='ocr-capabilities' content='ocr_page ocr_carea ocr_par ocr_line ocrx_word'/>
</head>
<body>
  <div class='ocr_page' id='page_1' title='image "./desenaticonsult00mendgoog_0021.png"; bbox 0 0 3690 5086; ppageno 0'>
   <div class='ocr_carea' id='block_1_1' title="bbox 400 103 441 166">
    <p class='ocr_par' dir='ltr' id='par_1_1' title="bbox 400 103 441 166">
     <span class='ocr_line' id='line_1_1' title="bbox 400 103 441 166; baseline 0 0"><span class='ocrx_word' id='word_1_1' title='bbox 400 103 441 166; x_wconf 89' lang='lat'><strong>10</strong></span> 
     </span>
    </p>
   </div>
   <div class='ocr_carea' id='block_1_2' title="bbox 344 267 1189 1096">
    <p class='ocr_par' dir='ltr' id='par_1_2' title="bbox 344 267 1189 1096">
     <span class='ocr_line' id='line_1_2' title="bbox 344 267 1188 349; baseline 0.001 -19"><span class='ocrx_word' id='word_1_2' title='bbox 344 282 408 330; x_wconf 92' lang='grc' dir='ltr'><strong>σου</strong></span> <span class='ocrx_word' id='word_1_3' title='bbox 436 268 488 331; x_wconf 87' lang='grc' dir='ltr'><strong>ἐπὶ</strong></span> <span class='ocrx_word' id='word_1_4' title='bbox 520 272 596 334; x_wconf 69' lang='grc' dir='ltr'>τοὺς</span> <span class='ocrx_word' id='word_1_5' title='bbox 628 267 988 349; x_wconf 78' lang='grc' dir='ltr'>φίλουειίρχιερέιυε</span> <span class='ocrx_word' id='word_1_6' title='bbox 1006 268 1072 345; x_wconf 82' lang='grc' dir='ltr'><strong>μὲν</strong></span> <span class='ocrx_word' id='word_1_7' title='bbox 1104 269 1188 332; x_wconf 87' lang='grc' dir='ltr'>τοῦ·</span> 
     </span>
     <span class='ocr_line' id='line_1_3' title="bbox 344 350 1188 461; baseline 0.002 -25"><span class='ocrx_word' id='word_1_8' title='bbox 344 375 434 451; x_wconf 84' lang='grc' dir='ltr'>ἡμῶν</span> <span class='ocrx_word' id='word_1_9' title='bbox 457 378 532 439; x_wconf 77' lang='grc' dir='ltr'>τοὺ(</span> <span class='ocrx_word' id='word_1_10' title='bbox 556 362 908 455; x_wconf 62' lang='grc' dir='ltr'>συμμάχουεῖἔθνουε</span> <span class='ocrx_word' id='word_1_11' title='bbox 925 350 1188 461; x_wconf 81' lang='grc' dir='ltr'>Ἰούδα,στρα-ί</span> 
     </span>
     <span class='ocr_line' id='line_1_4' title="bbox 346 458 1189 562; baseline -0.001 -21"><span class='ocrx_word' id='word_1_12' title='bbox 346 477 529 555; x_wconf 84' lang='grc' dir='ltr'>Ἰουδαίουε;</span> <span class='ocrx_word' id='word_1_13' title='bbox 545 482 597 546; x_wconf 78' lang='grc'><strong>32.</strong></span> <span class='ocrx_word' id='word_1_14' title='bbox 611 484 670 548; x_wconf 85' lang='grc' dir='ltr'><strong>ἐὰν</strong></span> <span class='ocrx_word' id='word_1_15' title='bbox 685 483 744 548; x_wconf 86' lang='grc' dir='ltr'><strong>οὖν</strong></span> <span class='ocrx_word' id='word_1_16' title='bbox 757 458 759 472; x_wconf 48' lang='lat'>¹</span> <span class='ocrx_word' id='word_1_17' title='bbox 772 489 896 562; x_wconf 88' lang='grc' dir='ltr'><strong>τηγοῦ</strong></span> <span class='ocrx_word' id='word_1_18' title='bbox 930 485 969 546; x_wconf 81' lang='grc' dir='ltr'><strong>δὲ</strong></span> <span class='ocrx_word' id='word_1_19' title='bbox 1003 466 1189 558; x_wconf 78' lang='grc' dir='ltr'>(ίμιυνοεί</span> 
     </span>
     <span class='ocr_line' id='line_1_5' title="bbox 344 570 1188 668; baseline 0.002 -22"><span class='ocrx_word' id='word_1_20' title='bbox 344 583 390 647; x_wconf 82' lang='grc' dir='ltr'><strong>ἔτι</strong></span> <span class='ocrx_word' id='word_1_21' title='bbox 405 586 563 664; x_wconf 86' lang='grc' dir='ltr'>ἐντύχωσι</span> <span class='ocrx_word' id='word_1_22' title='bbox 578 591 659 653; x_wconf 86' lang='grc' dir='ltr'>κατὰ</span> <span class='ocrx_word' id='word_1_23' title='bbox 673 595 744 663; x_wconf 88' lang='grc' dir='ltr'>σοῖι,</span> <span class='ocrx_word' id='word_1_24' title='bbox 758 573 760 654; x_wconf 69' lang='grc' dir='ltr'>ί</span> <span class='ocrx_word' id='word_1_25' title='bbox 772 590 1018 668; x_wconf 83' lang='grc' dir='ltr'>τοῦάδελφοῦ</span> <span class='ocrx_word' id='word_1_26' title='bbox 1029 570 1188 650; x_wconf 73' lang='grc' dir='ltr'><strong>αιίτοῡ.”ἰ</strong></span> 
     </span>
     <span class='ocr_line' id='line_1_6' title="bbox 346 675 1188 773; baseline 0.012 -19"><span class='ocrx_word' id='word_1_27' title='bbox 346 695 525 770; x_wconf 86' lang='grc' dir='ltr'>ποιήσομεν</span> <span class='ocrx_word' id='word_1_28' title='bbox 549 695 659 758; x_wconf 85' lang='grc' dir='ltr'>αὐτοῖε</span> <span class='ocrx_word' id='word_1_29' title='bbox 688 675 760 773; x_wconf 58' lang='grc' dir='ltr'><strong>τὴνἔ</strong></span> <span class='ocrx_word' id='word_1_30' title='bbox 1185 688 1188 764; x_wconf 76' lang='grc' dir='ltr'>ί</span> 
     </span>
     <span class='ocr_line' id='line_1_7' title="bbox 346 782 1188 881; baseline 0.007 -20"><span class='ocrx_word' id='word_1_31' title='bbox 346 798 459 877; x_wconf 81' lang='grc' dir='ltr'>κρίσιν,</span> <span class='ocrx_word' id='word_1_32' title='bbox 483 803 533 864; x_wconf 87' lang='grc' dir='ltr'><strong>καὶ</strong></span> <span class='ocrx_word' id='word_1_33' title='bbox 561 800 761 881; x_wconf 73' lang='grc' dir='ltr'>πολεμήσο-ἰ</span> <span class='ocrx_word' id='word_1_34' title='bbox 1186 782 1188 812; x_wconf 67' lang='lat'>⁵</span> 
     </span>
     <span class='ocr_line' id='line_1_8' title="bbox 345 904 1189 988; baseline 0.015 -20"><span class='ocrx_word' id='word_1_35' title='bbox 345 906 402 981; x_wconf 89' lang='grc' dir='ltr'><strong>μέν</strong></span> <span class='ocrx_word' id='word_1_36' title='bbox 426 922 464 971; x_wconf 91' lang='grc' dir='ltr'>σε</span> <span class='ocrx_word' id='word_1_37' title='bbox 485 909 537 971; x_wconf 88' lang='grc' dir='ltr'><strong>διὰ</strong></span> <span class='ocrx_word' id='word_1_38' title='bbox 555 914 610 988; x_wconf 83' lang='grc' dir='ltr'>τῆε</span> <span class='ocrx_word' id='word_1_39' title='bbox 625 909 746 974; x_wconf 86' lang='grc' dir='ltr'>θαλάσ-</span> <span class='ocrx_word' id='word_1_40' title='bbox 1186 904 1189 952; x_wconf 81' lang='lat'><strong>¹</strong></span> 
     </span>
     <span class='ocr_line' id='line_1_9' title="bbox 345 958 1189 1096; baseline 0.009 -21"><span class='ocrx_word' id='word_1_41' title='bbox 345 1027 406 1089; x_wconf 85' lang='grc' dir='ltr'>σηε</span> <span class='ocrx_word' id='word_1_42' title='bbox 430 1015 480 1077; x_wconf 86' lang='grc' dir='ltr'><strong>καὶ</strong></span> <span class='ocrx_word' id='word_1_43' title='bbox 503 1020 559 1094; x_wconf 78' lang='grc' dir='ltr'><strong>τῆ(</strong></span> <span class='ocrx_word' id='word_1_44' title='bbox 581 1017 702 1096; x_wconf 61' lang='lat' dir='ltr'><strong>{nodet</strong></span> <span class='ocrx_word' id='word_1_45' title='bbox 1186 958 1189 1059; x_wconf 40' lang='lat' dir='ltr'>N</span> 
     </span>
    </p>
   </div>
   <div class='ocr_carea' id='block_1_3' title="bbox 397 1209 1549 4289">
    <p class='ocr_par' dir='ltr' id='par_1_3' title="bbox 397 1209 1549 4289">
     <span class='ocr_line' id='line_1_10' title="bbox 487 1209 1547 1295; baseline -0.001 -21"><span class='ocrx_word' id='word_1_46' title='bbox 487 1209 577 1275; x_wconf 87' lang='lat' dir='ltr'><strong>Haec</strong></span> <span class='ocrx_word' id='word_1_47' title='bbox 605 1211 706 1295; x_wconf 81' lang='lat' dir='ltr'><strong>igitur</strong></span> <span class='ocrx_word' id='word_1_48' title='bbox 734 1235 752 1275; x_wconf 84' lang='lat' dir='ltr'><strong>n</strong></span> <span class='ocrx_word' id='word_1_49' title='bbox 781 1212 941 1294; x_wconf 83' lang='lat' dir='ltr'><strong>scriptore</strong></span> <span class='ocrx_word' id='word_1_50' title='bbox 965 1213 983 1275; x_wconf 92' lang='lat' dir='ltr'><strong>l.</strong></span> <span class='ocrx_word' id='word_1_51' title='bbox 1010 1212 1021 1275; x_wconf 89' lang='lat'><em>1</em></span> <span class='ocrx_word' id='word_1_52' title='bbox 1044 1209 1145 1276; x_wconf 73' lang='lat' dir='ltr'><strong>tlncc.</strong></span> <span class='ocrx_word' id='word_1_53' title='bbox 1179 1219 1212 1276; x_wconf 87' lang='lat' dir='ltr'><strong>et</strong></span> <span class='ocrx_word' id='word_1_54' title='bbox 1240 1210 1380 1295; x_wconf 88' lang='lat' dir='ltr'><strong>Iosepho</strong></span> <span class='ocrx_word' id='word_1_55' title='bbox 1410 1211 1455 1275; x_wconf 84' lang='lat' dir='ltr'><strong>ita</strong></span> <span class='ocrx_word' id='word_1_56' title='bbox 1483 1213 1547 1273; x_wconf 86' lang='lat' dir='ltr'><strong>tra-</strong></span> 
     </span>
     <span class='ocr_line' id='line_1_11' title="bbox 397 1314 1547 1403; baseline -0.001 -25"><span class='ocrx_word' id='word_1_57' title='bbox 397 1314 466 1378; x_wconf 86' lang='lat' dir='ltr'><strong>dita</strong></span> <span class='ocrx_word' id='word_1_58' title='bbox 488 1322 525 1380; x_wconf 86' lang='lat' dir='ltr'><strong>ut</strong></span> <span class='ocrx_word' id='word_1_59' title='bbox 548 1322 635 1381; x_wconf 90' lang='lat' dir='ltr'><strong>recte</strong></span> <span class='ocrx_word' id='word_1_60' title='bbox 658 1317 848 1400; x_wconf 85' lang='lat' dir='ltr'><strong>iudicentur,</strong></span> <span class='ocrx_word' id='word_1_61' title='bbox 872 1343 891 1382; x_wconf 83' lang='lat' dir='ltr'><strong>a</strong></span> <span class='ocrx_word' id='word_1_62' title='bbox 915 1320 1038 1382; x_wconf 87' lang='lat' dir='ltr'><strong>ratione</strong></span> <span class='ocrx_word' id='word_1_63' title='bbox 1062 1342 1144 1403; x_wconf 86' lang='lat' dir='ltr'><strong>quae</strong></span> <span class='ocrx_word' id='word_1_64' title='bbox 1170 1321 1252 1383; x_wconf 85' lang='lat' dir='ltr'><strong>inter</strong></span> <span class='ocrx_word' id='word_1_65' title='bbox 1277 1324 1448 1401; x_wconf 88' lang='lat' dir='ltr'><strong>utrumque</strong></span> <span class='ocrx_word' id='word_1_66' title='bbox 1471 1315 1547 1378; x_wconf 89' lang='lat' dir='ltr'><strong>scri-</strong></span> 
     </span>
     <span class='ocr_line' id='line_1_12' title="bbox 397 1419 1548 1510; baseline -0.003 -23"><span class='ocrx_word' id='word_1_67' title='bbox 397 1427 524 1505; x_wconf 86' lang='lat' dir='ltr'><strong>ptorem</strong></span> <span class='ocrx_word' id='word_1_68' title='bbox 547 1424 735 1510; x_wconf 78' lang='lat' dir='ltr'>intercedat,</span> <span class='ocrx_word' id='word_1_69' title='bbox 759 1424 1032 1510; x_wconf 83' lang='lat' dir='ltr'><strong>progrediendum</strong></span> <span class='ocrx_word' id='word_1_70' title='bbox 1056 1447 1126 1490; x_wconf 81' lang='lat' dir='ltr'><strong>esse</strong></span> <span class='ocrx_word' id='word_1_71' title='bbox 1157 1428 1238 1491; x_wconf 86' lang='lat' dir='ltr'><strong>satis</strong></span> <span class='ocrx_word' id='word_1_72' title='bbox 1268 1424 1413 1509; x_wconf 77' lang='lat' dir='ltr'><strong>adparet.</strong></span> <span class='ocrx_word' id='word_1_73' title='bbox 1458 1419 1548 1497; x_wconf 86' lang='lat' dir='ltr'><strong>Quae</strong></span> 
     </span>
     <span class='ocr_line' id='line_1_13' title="bbox 397 1530 1549 1616; baseline -0.002 -23"><span class='ocrx_word' id='word_1_74' title='bbox 397 1532 599 1613; x_wconf 87' lang='lat' dir='ltr'><strong>comparatio</strong></span> <span class='ocrx_word' id='word_1_75' title='bbox 623 1531 802 1595; x_wconf 81' lang='lat' dir='ltr'><strong>certissime</strong></span> <span class='ocrx_word' id='word_1_76' title='bbox 826 1531 921 1596; x_wconf 87' lang='lat' dir='ltr'><strong>docet</strong></span> <span class='ocrx_word' id='word_1_77' title='bbox 943 1530 981 1595; x_wconf 89' lang='lat' dir='ltr'><strong>de</strong></span> <span class='ocrx_word' id='word_1_78' title='bbox 1005 1554 1063 1596; x_wconf 87' lang='lat' dir='ltr'><strong>suo</strong></span> <span class='ocrx_word' id='word_1_79' title='bbox 1087 1532 1129 1596; x_wconf 85' lang='lat' dir='ltr'><strong>ab</strong></span> <span class='ocrx_word' id='word_1_80' title='bbox 1145 1531 1285 1616; x_wconf 85' lang='lat' dir='ltr'><strong>Iosepho</strong></span> <span class='ocrx_word' id='word_1_81' title='bbox 1300 1530 1463 1596; x_wconf 87' lang='lat' dir='ltr'><strong>adiectum</strong></span> <span class='ocrx_word' id='word_1_82' title='bbox 1477 1549 1549 1592; x_wconf 83' lang='lat' dir='ltr'><strong>esse</strong></span> 
     </span>
     <span class='ocr_line' id='line_1_14' title="bbox 398 1635 1547 1716; baseline 0.001 -18"><span class='ocrx_word' id='word_1_83' title='bbox 398 1635 480 1700; x_wconf 90' lang='lat' dir='ltr'><strong>nihil</strong></span> <span class='ocrx_word' id='word_1_84' title='bbox 508 1638 571 1701; x_wconf 90' lang='lat' dir='ltr'><strong>nisi</strong></span> <span class='ocrx_word' id='word_1_85' title='bbox 604 1638 786 1702; x_wconf 84' lang='lat' dir='ltr'><strong>exordium:</strong></span> <span class='ocrx_word' id='word_1_86' title='bbox 824 1639 928 1716; x_wconf 82' lang='grc' dir='ltr'>δόγμα</span> <span class='ocrx_word' id='word_1_87' title='bbox 953 1675 993 1684; x_wconf 82' lang='lat'>-</span> <span class='ocrx_word' id='word_1_88' title='bbox 1019 1638 1180 1703; x_wconf 88' lang='grc' dir='ltr'>Ἰουδαίων</span> <span class='ocrx_word' id='word_1_89' title='bbox 1205 1663 1224 1702; x_wconf 83' lang='lat' dir='ltr'><strong>a</strong></span> <span class='ocrx_word' id='word_1_90' title='bbox 1247 1639 1368 1704; x_wconf 90' lang='lat' dir='ltr'><strong>codicis</strong></span> <span class='ocrx_word' id='word_1_91' title='bbox 1392 1636 1547 1703; x_wconf 83' lang='lat' dir='ltr'><strong>Vossiani</strong></span> 
     </span>
     <span class='ocr_line' id='line_1_15' title="bbox 399 1742 1547 1830; baseline 0.002 -26"><span class='ocrx_word' id='word_1_92' title='bbox 399 1742 555 1824; x_wconf 80' lang='lat' dir='ltr'><strong>scriptore</strong></span> <span class='ocrx_word' id='word_1_93' title='bbox 579 1751 665 1808; x_wconf 88' lang='lat' dir='ltr'><strong>recte</strong></span> <span class='ocrx_word' id='word_1_94' title='bbox 690 1744 724 1807; x_wconf 92' lang='lat' dir='ltr'><strong>in</strong></span> <span class='ocrx_word' id='word_1_95' title='bbox 747 1744 928 1828; x_wconf 83' lang='lat' dir='ltr'><strong>marginem</strong></span> <span class='ocrx_word' id='word_1_96' title='bbox 951 1745 1131 1830; x_wconf 82' lang='lat' dir='ltr'><strong>relegatum</strong></span> <span class='ocrx_word' id='word_1_97' title='bbox 1156 1748 1190 1807; x_wconf 86' lang='lat' dir='ltr'><strong>et</strong></span> <span class='ocrx_word' id='word_1_98' title='bbox 1204 1745 1397 1809; x_wconf 81' lang='lat' dir='ltr'><strong>clausulam:</strong></span> <span class='ocrx_word' id='word_1_99' title='bbox 1420 1743 1547 1822; x_wconf 78' lang='grc' dir='ltr'>ἐγράφη</span> 
     </span>
     <span class='ocr_line' id='line_1_16' title="bbox 400 1850 1549 1934; baseline 0 -22"><span class='ocrx_word' id='word_1_100' title='bbox 400 1885 440 1894; x_wconf 91' lang='lat'><em>-</em></span> <span class='ocrx_word' id='word_1_101' title='bbox 456 1850 556 1914; x_wconf 82' lang='grc' dir='ltr'>αὐτοῦ</span> <span class='ocrx_word' id='word_1_102' title='bbox 579 1857 631 1914; x_wconf 88' lang='lat' dir='ltr'><strong>sat</strong></span> <span class='ocrx_word' id='word_1_103' title='bbox 653 1851 827 1915; x_wconf 83' lang='lat' dir='ltr'><strong>infeliciter</strong></span> <span class='ocrx_word' id='word_1_104' title='bbox 840 1851 1069 1934; x_wconf 79' lang='lat' dir='ltr'><strong>excogitatam.</strong></span> <span class='ocrx_word' id='word_1_105' title='bbox 1107 1850 1237 1915; x_wconf 83' lang='lat' dir='ltr'><strong>Etenim</strong></span> <span class='ocrx_word' id='word_1_106' title='bbox 1262 1857 1297 1914; x_wconf 86' lang='lat' dir='ltr'><strong>ut</strong></span> <span class='ocrx_word' id='word_1_107' title='bbox 1320 1852 1354 1915; x_wconf 92' lang='lat' dir='ltr'><strong>in</strong></span> <span class='ocrx_word' id='word_1_108' title='bbox 1377 1850 1438 1915; x_wconf 83' lang='lat' dir='ltr'><strong>hac</strong></span> <span class='ocrx_word' id='word_1_109' title='bbox 1457 1851 1549 1932; x_wconf 86' lang='lat' dir='ltr'><strong>paul·</strong></span> 
     </span>
     <span class='ocr_line' id='line_1_17' title="bbox 399 1955 1549 2041; baseline 0 -23"><span class='ocrx_word' id='word_1_110' title='bbox 399 1955 498 2039; x_wconf 87' lang='lat' dir='ltr'><strong>lisper</strong></span> <span class='ocrx_word' id='word_1_111' title='bbox 520 1978 693 2041; x_wconf 83' lang='lat' dir='ltr'><strong>moremur,</strong></span> <span class='ocrx_word' id='word_1_112' title='bbox 724 1957 900 2039; x_wconf 90' lang='lat' dir='ltr'><strong>triplicis</strong></span> <span class='ocrx_word' id='word_1_113' title='bbox 925 1980 963 2021; x_wconf 81' lang='lat' dir='ltr'><strong>ea</strong></span> <span class='ocrx_word' id='word_1_114' title='bbox 986 1957 1107 2022; x_wconf 85' lang='lat' dir='ltr'><strong>fraudis</strong></span> <span class='ocrx_word' id='word_1_115' title='bbox 1133 1958 1307 2023; x_wconf 84' lang='lat' dir='ltr'><strong>manifesta</strong></span> <span class='ocrx_word' id='word_1_116' title='bbox 1327 1956 1427 2021; x_wconf 84' lang='lat' dir='ltr'><strong>refert</strong></span> <span class='ocrx_word' id='word_1_117' title='bbox 1454 1955 1549 2020; x_wconf 86' lang='lat' dir='ltr'><strong>resti-</strong></span> 
     </span>
     <span class='ocr_line' id='line_1_18' title="bbox 398 2061 1549 2148; baseline 0.001 -23"><span class='ocrx_word' id='word_1_118' title='bbox 398 2062 461 2146; x_wconf 81' lang='lat' dir='ltr'><strong>gia.</strong></span> <span class='ocrx_word' id='word_1_119' title='bbox 506 2061 734 2148; x_wconf 80' lang='lat' dir='ltr'><strong>Praeterquam</strong></span> <span class='ocrx_word' id='word_1_120' title='bbox 767 2064 853 2127; x_wconf 86' lang='lat' dir='ltr'><strong>eninr</strong></span> <span class='ocrx_word' id='word_1_121' title='bbox 890 2064 975 2148; x_wconf 84' lang='lat' dir='ltr'><strong>quod</strong></span> <span class='ocrx_word' id='word_1_122' title='bbox 1005 2065 1115 2129; x_wconf 84' lang='lat' dir='ltr'><strong>ludam</strong></span> <span class='ocrx_word' id='word_1_123' title='bbox 1149 2066 1341 2148; x_wconf 88' lang='lat' dir='ltr'><strong>pontificatu</strong></span> <span class='ocrx_word' id='word_1_124' title='bbox 1373 2084 1549 2146; x_wconf 83' lang='lat' dir='ltr'><strong>numquam</strong></span> 
     </span>
     <span class='ocr_line' id='line_1_19' title="bbox 398 2167 1549 2255; baseline -0.001 -22"><span class='ocrx_word' id='word_1_125' title='bbox 398 2171 544 2233; x_wconf 83' lang='lat' dir='ltr'><strong>timctnm</strong></span> <span class='ocrx_word' id='word_1_126' title='bbox 569 2192 640 2233; x_wconf 90' lang='lat' dir='ltr'><strong>esse</strong></span> <span class='ocrx_word' id='word_1_127' title='bbox 664 2191 763 2252; x_wconf 85' lang='lat' dir='ltr'><strong>supra</strong></span> <span class='ocrx_word' id='word_1_128' title='bbox 790 2171 938 2252; x_wconf 83' lang='lat' dir='ltr'><strong>vidimus,</strong></span> <span class='ocrx_word' id='word_1_129' title='bbox 962 2171 1056 2254; x_wconf 90' lang='lat' dir='ltr'><strong>plane</strong></span> <span class='ocrx_word' id='word_1_130' title='bbox 1084 2172 1197 2255; x_wconf 88' lang='lat' dir='ltr'><strong>inepta</strong></span> <span class='ocrx_word' id='word_1_131' title='bbox 1224 2177 1275 2237; x_wconf 89' lang='lat' dir='ltr'><strong>est</strong></span> <span class='ocrx_word' id='word_1_132' title='bbox 1298 2173 1373 2236; x_wconf 84' lang='lat' dir='ltr'><strong>vivo</strong></span> <span class='ocrx_word' id='word_1_133' title='bbox 1398 2170 1478 2234; x_wconf 86' lang='lat' dir='ltr'><strong>Iuda</strong></span> <span class='ocrx_word' id='word_1_134' title='bbox 1501 2167 1549 2232; x_wconf 78' lang='lat' dir='ltr'><strong>Si-</strong></span> 
     </span>
     <span class='ocr_line' id='line_1_20' title="bbox 399 2276 1549 2363; baseline 0.001 -24"><span class='ocrx_word' id='word_1_135' title='bbox 399 2277 504 2341; x_wconf 86' lang='lat' dir='ltr'><strong>monis</strong></span> <span class='ocrx_word' id='word_1_136' title='bbox 532 2283 716 2357; x_wconf 85' lang='grc' dir='ltr'>στρατηγοιῖ</span> <span class='ocrx_word' id='word_1_137' title='bbox 746 2279 911 2343; x_wconf 83' lang='lat' dir='ltr'><strong>memoria.</strong></span> <span class='ocrx_word' id='word_1_138' title='bbox 966 2277 1048 2353; x_wconf 77' lang='lat' dir='ltr'><strong>Quid</strong></span> <span class='ocrx_word' id='word_1_139' title='bbox 1075 2279 1161 2342; x_wconf 86' lang='lat' dir='ltr'><strong>eninr</strong></span> <span class='ocrx_word' id='word_1_140' title='bbox 1190 2278 1320 2363; x_wconf 87' lang='lat' dir='ltr'><strong>planius</strong></span> <span class='ocrx_word' id='word_1_141' title='bbox 1354 2276 1549 2342; x_wconf 84' lang='lat' dir='ltr'><strong>Mattathiae</strong></span> 
     </span>
     <span class='ocr_line' id='line_1_21' title="bbox 401 2381 1549 2469; baseline 0.003 -25"><span class='ocrx_word' id='word_1_142' title='bbox 401 2381 584 2446; x_wconf 87' lang='lat' dir='ltr'><strong>moribundi</strong></span> <span class='ocrx_word' id='word_1_143' title='bbox 608 2383 696 2446; x_wconf 87' lang='lat' dir='ltr'><strong>hisce</strong></span> <span class='ocrx_word' id='word_1_144' title='bbox 720 2382 748 2466; x_wconf 80' lang='grc' dir='ltr'><strong>(Ι</strong></span> <span class='ocrx_word' id='word_1_145' title='bbox 773 2382 873 2448; x_wconf 84' lang='lat' dir='ltr'><strong>Maec.</strong></span> <span class='ocrx_word' id='word_1_146' title='bbox 898 2386 928 2467; x_wconf 81' lang='lat'><strong>2,</strong></span> <span class='ocrx_word' id='word_1_147' title='bbox 952 2383 1022 2469; x_wconf 63' lang='lat' dir='ltr'><strong>ddi:</strong></span> <span class='ocrx_word' id='word_1_148' title='bbox 1046 2386 1096 2448; x_wconf 87' lang='grc' dir='ltr'><strong>καὶ</strong></span> <span class='ocrx_word' id='word_1_149' title='bbox 1122 2384 1192 2456; x_wconf 86' lang='grc' dir='ltr'>ἰδοὺ</span> <span class='ocrx_word' id='word_1_150' title='bbox 1216 2386 1348 2464; x_wconf 84' lang='grc' dir='ltr'>(υμειίιν</span> <span class='ocrx_word' id='word_1_151' title='bbox 1372 2385 1549 2465; x_wconf 85' lang='grc' dir='ltr'>δάδελφόε</span> 
     </span>
     <span class='ocr_line' id='line_1_22' title="bbox 400 2487 1549 2572; baseline 0.003 -21"><span class='ocrx_word' id='word_1_152' title='bbox 400 2490 500 2564; x_wconf 84' lang='grc' dir='ltr'>ὑμῶν,</span> <span class='ocrx_word' id='word_1_153' title='bbox 534 2487 607 2552; x_wconf 84' lang='grc' dir='ltr'>οῖδα</span> <span class='ocrx_word' id='word_1_154' title='bbox 635 2491 685 2554; x_wconf 84' lang='grc' dir='ltr'><strong>ὅτι</strong></span> <span class='ocrx_word' id='word_1_155' title='bbox 713 2491 806 2569; x_wconf 82' lang='grc' dir='ltr'>ἀνὴρ</span> <span class='ocrx_word' id='word_1_156' title='bbox 837 2496 978 2572; x_wconf 86' lang='grc' dir='ltr'>βουλῆε</span> <span class='ocrx_word' id='word_1_157' title='bbox 1006 2493 1126 2567; x_wconf 81' lang='grc' dir='ltr'>ἐστίν,</span> <span class='ocrx_word' id='word_1_158' title='bbox 1151 2494 1252 2556; x_wconf 84' lang='grc' dir='ltr'>αὐτοῦ</span> <span class='ocrx_word' id='word_1_159' title='bbox 1275 2493 1408 2556; x_wconf 81' lang='grc' dir='ltr'>ιἰκούετε</span> <span class='ocrx_word' id='word_1_160' title='bbox 1440 2492 1549 2557; x_wconf 78' lang='grc' dir='ltr'>πάσα(</span> 
     </span>
     <span class='ocr_line' id='line_1_23' title="bbox 397 2596 1548 2678; baseline 0.003 -20"><span class='ocrx_word' id='word_1_161' title='bbox 397 2596 453 2659; x_wconf 81' lang='grc' dir='ltr'><strong>τὰ(</strong></span> <span class='ocrx_word' id='word_1_162' title='bbox 476 2598 607 2674; x_wconf 67' lang='grc' dir='ltr'>ἡμέρας,</span> <span class='ocrx_word' id='word_1_163' title='bbox 641 2599 738 2661; x_wconf 82' lang='grc' dir='ltr'>αὐτὸ(</span> <span class='ocrx_word' id='word_1_164' title='bbox 771 2599 844 2676; x_wconf 91' lang='grc' dir='ltr'>ὑμῖν</span> <span class='ocrx_word' id='word_1_165' title='bbox 877 2600 968 2663; x_wconf 79' lang='grc' dir='ltr'>ἔσται</span> <span class='ocrx_word' id='word_1_166' title='bbox 1001 2600 1045 2662; x_wconf 78' lang='grc' dir='ltr'>εἰ(</span> <span class='ocrx_word' id='word_1_167' title='bbox 1078 2602 1209 2678; x_wconf 84' lang='grc' dir='ltr'>πατέρα.</span> <span class='ocrx_word' id='word_1_168' title='bbox 1244 2602 1295 2664; x_wconf 72' lang='lat' dir='ltr'><strong>dri.</strong></span> <span class='ocrx_word' id='word_1_169' title='bbox 1344 2602 1394 2663; x_wconf 86' lang='grc' dir='ltr'><strong>καί</strong></span> <span class='ocrx_word' id='word_1_170' title='bbox 1428 2599 1548 2663; x_wconf 74' lang='grc' dir='ltr'>Ἰούδα(</span> 
     </span>
     <span class='ocr_line' id='line_1_24' title="bbox 398 2704 1546 2783; baseline 0.001 -17"><span class='ocrx_word' id='word_1_171' title='bbox 398 2704 603 2781; x_wconf 68' lang='grc' dir='ltr'>Μακκαβαῖος</span> <span class='ocrx_word' id='word_1_172' title='bbox 629 2705 760 2783; x_wconf 85' lang='grc' dir='ltr'>ίσχυρὸε</span> <span class='ocrx_word' id='word_1_173' title='bbox 784 2705 916 2782; x_wconf 87' lang='grc' dir='ltr'>δυνάμει</span> <span class='ocrx_word' id='word_1_174' title='bbox 940 2708 974 2768; x_wconf 81' lang='grc' dir='ltr'><strong>ἐκ</strong></span> <span class='ocrx_word' id='word_1_175' title='bbox 1000 2707 1151 2783; x_wconf 78' lang='grc' dir='ltr'>νεότητα(</span> <span class='ocrx_word' id='word_1_176' title='bbox 1175 2707 1291 2778; x_wconf 81' lang='grc' dir='ltr'>αὐτοῦ,</span> <span class='ocrx_word' id='word_1_177' title='bbox 1320 2704 1434 2769; x_wconf 67' lang='grc' dir='ltr'>οὗτος</span> <span class='ocrx_word' id='word_1_178' title='bbox 1457 2705 1546 2782; x_wconf 86' lang='grc' dir='ltr'>ὑμῖν</span> 
     </span>
     <span class='ocr_line' id='line_1_25' title="bbox 398 2810 1545 2891; baseline 0.001 -19"><span class='ocrx_word' id='word_1_179' title='bbox 398 2810 510 2874; x_wconf 81' lang='grc' dir='ltr'>ἔσται</span> <span class='ocrx_word' id='word_1_180' title='bbox 533 2810 662 2889; x_wconf 84' lang='grc' dir='ltr'>ἄρχων</span> <span class='ocrx_word' id='word_1_181' title='bbox 687 2815 882 2889; x_wconf 76' lang='grc' dir='ltr'>στρατιᾶ(</span> <span class='ocrx_word' id='word_1_182' title='bbox 906 2813 966 2874; x_wconf 89' lang='grc' dir='ltr'><strong>καὶ</strong></span> <span class='ocrx_word' id='word_1_183' title='bbox 992 2815 1217 2891; x_wconf 86' lang='grc' dir='ltr'>πολεμήσει</span> <span class='ocrx_word' id='word_1_184' title='bbox 1241 2814 1414 2890; x_wconf 91' lang='grc' dir='ltr'>πόλεμον</span> <span class='ocrx_word' id='word_1_185' title='bbox 1443 2814 1545 2874; x_wconf 88' lang='grc' dir='ltr'>λαῶν</span> 
     </span>
     <span class='ocr_line' id='line_1_26' title="bbox 398 2917 1547 3001; baseline 0 -21"><span class='ocrx_word' id='word_1_186' title='bbox 398 2917 469 2981; x_wconf 83' lang='lat' dir='ltr'><strong>coll.</strong></span> <span class='ocrx_word' id='word_1_187' title='bbox 487 2917 550 2981; x_wconf 92' lang='lat' dir='ltr'><strong>Ios.</strong></span> <span class='ocrx_word' id='word_1_188' title='bbox 568 2917 632 2981; x_wconf 76' lang='grc' dir='ltr'><strong>ΧΠ</strong></span> <span class='ocrx_word' id='word_1_189' title='bbox 657 2921 687 3001; x_wconf 77' lang='lat' dir='ltr'><strong>d,</strong></span> <span class='ocrx_word' id='word_1_190' title='bbox 710 2919 746 2981; x_wconf 83' lang='lat'><strong>3:</strong></span> <span class='ocrx_word' id='word_1_191' title='bbox 784 2921 832 2983; x_wconf 90' lang='grc' dir='ltr'><strong>καί</strong></span> <span class='ocrx_word' id='word_1_192' title='bbox 867 2919 991 2994; x_wconf 85' lang='grc' dir='ltr'>(ῖμιυνιι</span> <span class='ocrx_word' id='word_1_193' title='bbox 1024 2921 1081 2995; x_wconf 81' lang='grc' dir='ltr'><strong>μὲν</strong></span> <span class='ocrx_word' id='word_1_194' title='bbox 1115 2921 1172 2982; x_wconf 90' lang='grc' dir='ltr'><strong>τὸν</strong></span> <span class='ocrx_word' id='word_1_195' title='bbox 1205 2920 1353 2999; x_wconf 86' lang='grc' dir='ltr'>ἀδελφὸν</span> <span class='ocrx_word' id='word_1_196' title='bbox 1386 2920 1547 2982; x_wconf 86' lang='grc' dir='ltr'>συνέσει</span> 
     </span>
     <span class='ocr_line' id='line_1_27' title="bbox 399 3024 1545 3106; baseline 0.001 -19"><span class='ocrx_word' id='word_1_197' title='bbox 399 3027 618 3103; x_wconf 88' lang='grc' dir='ltr'>προύχοντα</span> <span class='ocrx_word' id='word_1_198' title='bbox 651 3028 774 3104; x_wconf 85' lang='grc' dir='ltr'>πατέρα</span> <span class='ocrx_word' id='word_1_199' title='bbox 797 3029 942 3103; x_wconf 85' lang='grc' dir='ltr'>ἡγεῖσθε,</span> <span class='ocrx_word' id='word_1_200' title='bbox 976 3027 1024 3088; x_wconf 85' lang='grc' dir='ltr'><strong>καὶ</strong></span> <span class='ocrx_word' id='word_1_201' title='bbox 1057 3024 1105 3087; x_wconf 81' lang='grc' dir='ltr'><strong>οἱ(</strong></span> <span class='ocrx_word' id='word_1_202' title='bbox 1138 3025 1178 3087; x_wconf 85' lang='grc' dir='ltr'><strong>ἂν</strong></span> <span class='ocrx_word' id='word_1_203' title='bbox 1211 3024 1307 3089; x_wconf 76' lang='grc' dir='ltr'>οὗτοι</span> <span class='ocrx_word' id='word_1_204' title='bbox 1340 3025 1545 3106; x_wconf 85' lang='grc' dir='ltr'>συμβουλεύῃ</span> 
     </span>
     <span class='ocr_line' id='line_1_28' title="bbox 399 3132 1549 3212; baseline -0.001 -16"><span class='ocrx_word' id='word_1_205' title='bbox 399 3135 559 3199; x_wconf 84' lang='grc' dir='ltr'>πείθεσθε·</span> <span class='ocrx_word' id='word_1_206' title='bbox 584 3136 792 3210; x_wconf 89' lang='grc' dir='ltr'>Μακκαβαῑον</span> <span class='ocrx_word' id='word_1_207' title='bbox 816 3136 850 3195; x_wconf 81' lang='grc' dir='ltr'><strong>δὲ</strong></span> <span class='ocrx_word' id='word_1_208' title='bbox 876 3138 931 3212; x_wconf 68' lang='grc' dir='ltr'><strong>τῆς</strong></span> <span class='ocrx_word' id='word_1_209' title='bbox 955 3136 1104 3209; x_wconf 75' lang='grc' dir='ltr'>στρατιᾶ(</span> <span class='ocrx_word' id='word_1_210' title='bbox 1128 3133 1168 3196; x_wconf 84' lang='grc' dir='ltr'><strong>δι’</strong></span> <span class='ocrx_word' id='word_1_211' title='bbox 1191 3132 1343 3212; x_wconf 85' lang='grc' dir='ltr'>ἀνδρείαν</span> <span class='ocrx_word' id='word_1_212' title='bbox 1371 3134 1421 3197; x_wconf 86' lang='grc' dir='ltr'><strong>καὶ</strong></span> <span class='ocrx_word' id='word_1_213' title='bbox 1453 3133 1549 3210; x_wconf 89' lang='grc' dir='ltr'>ίσχύν</span> 
     </span>
     <span class='ocr_line' id='line_1_29' title="bbox 399 3237 1547 3320; baseline -0.003 -15"><span class='ocrx_word' id='word_1_214' title='bbox 399 3242 632 3320; x_wconf 88' lang='grc' dir='ltr'>στρατηγὸν</span> <span class='ocrx_word' id='word_1_215' title='bbox 660 3241 777 3303; x_wconf 79' lang='grc' dir='ltr'>ἕξετε·</span> <span class='ocrx_word' id='word_1_216' title='bbox 810 3241 848 3303; x_wconf 85' lang='grc' dir='ltr'><strong>τὸ</strong></span> <span class='ocrx_word' id='word_1_217' title='bbox 877 3241 938 3316; x_wconf 86' lang='grc' dir='ltr'><strong>γὰρ</strong></span> <span class='ocrx_word' id='word_1_218' title='bbox 965 3241 1058 3304; x_wconf 70' lang='lat' dir='ltr'><strong>devo&lt;</strong></span> <span class='ocrx_word' id='word_1_219' title='bbox 1081 3237 1176 3303; x_wconf 84' lang='grc' dir='ltr'>οὑτοε</span> <span class='ocrx_word' id='word_1_220' title='bbox 1205 3244 1363 3320; x_wconf 83' lang='grc' dir='ltr'>ἐκδικήσει</span> <span class='ocrx_word' id='word_1_221' title='bbox 1397 3243 1447 3305; x_wconf 92' lang='grc' dir='ltr'><strong>καὶ</strong></span> <span class='ocrx_word' id='word_1_222' title='bbox 1471 3239 1547 3317; x_wconf 89' lang='grc' dir='ltr'>ἀμυ-</span> 
     </span>
     <span class='ocr_line' id='line_1_30' title="bbox 400 3344 1549 3428; baseline -0.001 -19"><span class='ocrx_word' id='word_1_223' title='bbox 400 3352 498 3410; x_wconf 85' lang='grc' dir='ltr'>νεῖται</span> <span class='ocrx_word' id='word_1_224' title='bbox 522 3349 598 3410; x_wconf 77' lang='lat' dir='ltr'><strong>roric</strong></span> <span class='ocrx_word' id='word_1_225' title='bbox 621 3347 803 3423; x_wconf 86' lang='grc' dir='ltr'>πολεμίουε.</span> <span class='ocrx_word' id='word_1_226' title='bbox 851 3344 900 3409; x_wconf 91' lang='lat' dir='ltr'><strong>Ne</strong></span> <span class='ocrx_word' id='word_1_227' title='bbox 934 3347 1047 3422; x_wconf 82' lang='lat' dir='ltr'><strong>multa,</strong></span> <span class='ocrx_word' id='word_1_228' title='bbox 1078 3347 1172 3411; x_wconf 82' lang='lat' dir='ltr'><strong>{ictus</strong></span> <span class='ocrx_word' id='word_1_229' title='bbox 1197 3347 1248 3412; x_wconf 87' lang='lat' dir='ltr'><strong>hic</strong></span> <span class='ocrx_word' id='word_1_230' title='bbox 1274 3347 1468 3428; x_wconf 76' lang='grc' dir='ltr'>στρατηγία(</span> <span class='ocrx_word' id='word_1_231' title='bbox 1491 3345 1549 3408; x_wconf 85' lang='lat' dir='ltr'><strong>ho-</strong></span> 
     </span>
     <span class='ocr_line' id='line_1_31' title="bbox 400 3453 1548 3540; baseline 0 -24"><span class='ocrx_word' id='word_1_232' title='bbox 400 3476 458 3516; x_wconf 89' lang='lat' dir='ltr'><strong>nor</strong></span> <span class='ocrx_word' id='word_1_233' title='bbox 482 3453 521 3516; x_wconf 84' lang='lat' dir='ltr'><strong>ad</strong></span> <span class='ocrx_word' id='word_1_234' title='bbox 538 3475 649 3517; x_wconf 86' lang='lat' dir='ltr'><strong>eorum</strong></span> <span class='ocrx_word' id='word_1_235' title='bbox 664 3457 847 3535; x_wconf 82' lang='lat' dir='ltr'><strong>temporum</strong></span> <span class='ocrx_word' id='word_1_236' title='bbox 864 3453 1108 3518; x_wconf 84' lang='lat' dir='ltr'><strong>similitudinem</strong></span> <span class='ocrx_word' id='word_1_237' title='bbox 1124 3459 1188 3539; x_wconf 81' lang='lat' dir='ltr'><strong>est,</strong></span> <span class='ocrx_word' id='word_1_238' title='bbox 1212 3457 1329 3540; x_wconf 83' lang='lat' dir='ltr'><strong>quibus</strong></span> <span class='ocrx_word' id='word_1_239' title='bbox 1354 3453 1548 3519; x_wconf 83' lang='lat' dir='ltr'><strong>lonnthan</strong></span> 
     </span>
     <span class='ocr_line' id='line_1_32' title="bbox 400 3557 1547 3644; baseline 0.003 -22"><span class='ocrx_word' id='word_1_240' title='bbox 400 3563 461 3624; x_wconf 79' lang='lat' dir='ltr'><strong>ruit</strong></span> <span class='ocrx_word' id='word_1_241' title='bbox 485 3561 629 3644; x_wconf 86' lang='lat' dir='ltr'><strong>pontifex</strong></span> <span class='ocrx_word' id='word_1_242' title='bbox 654 3564 686 3623; x_wconf 90' lang='lat' dir='ltr'><strong>et</strong></span> <span class='ocrx_word' id='word_1_243' title='bbox 711 3557 838 3636; x_wconf 76' lang='lat' dir='ltr'><strong>Sirnon,</strong></span> <span class='ocrx_word' id='word_1_244' title='bbox 864 3558 963 3621; x_wconf 64' lang='lat' dir='ltr'><strong>nano·</strong></span> <span class='ocrx_word' id='word_1_245' title='bbox 986 3561 1063 3642; x_wconf 79' lang='lat' dir='ltr'><strong>eius,</strong></span> <span class='ocrx_word' id='word_1_246' title='bbox 1087 3565 1267 3640; x_wconf 85' lang='grc' dir='ltr'>στρατηγὸε</span> <span class='ocrx_word' id='word_1_247' title='bbox 1293 3565 1334 3627; x_wconf 79' lang='lat' dir='ltr'><strong>ab</strong></span> <span class='ocrx_word' id='word_1_248' title='bbox 1355 3562 1547 3626; x_wconf 77' lang='lat' dir='ltr'><strong>Antiocho</strong></span> 
     </span>
     <span class='ocr_line' id='line_1_33' title="bbox 400 3664 1547 3750; baseline 0.003 -19"><span class='ocrx_word' id='word_1_249' title='bbox 400 3669 444 3731; x_wconf 68' lang='lat' dir='ltr'><strong>Vl</strong></span> <span class='ocrx_word' id='word_1_250' title='bbox 474 3668 672 3730; x_wconf 84' lang='lat' dir='ltr'><strong>constitutus</strong></span> <span class='ocrx_word' id='word_1_251' title='bbox 705 3665 731 3748; x_wconf 69' lang='grc' dir='ltr'><strong>ιλ</strong></span> <span class='ocrx_word' id='word_1_252' title='bbox 763 3664 861 3730; x_wconf 79' lang='lat' dir='ltr'><strong>Maur.</strong></span> <span class='ocrx_word' id='word_1_253' title='bbox 896 3669 946 3745; x_wconf 86' lang='lat' dir='ltr'><strong>ll,</strong></span> <span class='ocrx_word' id='word_1_254' title='bbox 975 3669 1030 3729; x_wconf 73' lang='lat' dir='ltr'><strong>ou:</strong></span> <span class='ocrx_word' id='word_1_255' title='bbox 1068 3670 1117 3730; x_wconf 89' lang='grc' dir='ltr'><strong>καὶ</strong></span> <span class='ocrx_word' id='word_1_256' title='bbox 1150 3667 1277 3743; x_wconf 85' lang='grc' dir='ltr'>(ίμωνα</span> <span class='ocrx_word' id='word_1_257' title='bbox 1308 3675 1368 3736; x_wconf 88' lang='grc' dir='ltr'><strong>τὸν</strong></span> <span class='ocrx_word' id='word_1_258' title='bbox 1401 3671 1547 3750; x_wconf 84' lang='grc' dir='ltr'>ἀδελφὸν</span> 
     </span>
     <span class='ocr_line' id='line_1_34' title="bbox 399 3774 1547 3859; baseline 0.006 -21"><span class='ocrx_word' id='word_1_259' title='bbox 399 3779 498 3839; x_wconf 83' lang='grc' dir='ltr'>αὐτοῦ</span> <span class='ocrx_word' id='word_1_260' title='bbox 529 3777 741 3850; x_wconf 88' lang='grc' dir='ltr'>κατέστησε</span> <span class='ocrx_word' id='word_1_261' title='bbox 768 3776 988 3850; x_wconf 83' lang='grc' dir='ltr'>στρατηγὸν</span> <span class='ocrx_word' id='word_1_262' title='bbox 1011 3774 1076 3836; x_wconf 83' lang='grc' dir='ltr'><strong>ἀπὸ</strong></span> <span class='ocrx_word' id='word_1_263' title='bbox 1104 3779 1159 3851; x_wconf 72' lang='lat' dir='ltr'><strong>nic</strong></span> <span class='ocrx_word' id='word_1_264' title='bbox 1184 3778 1331 3853; x_wconf 86' lang='grc' dir='ltr'>κλίμακοε</span> <span class='ocrx_word' id='word_1_265' title='bbox 1356 3781 1461 3859; x_wconf 88' lang='grc' dir='ltr'>Τύρου</span> <span class='ocrx_word' id='word_1_266' title='bbox 1486 3782 1547 3844; x_wconf 77' lang='lat' dir='ltr'><strong>roc</strong></span> 
     </span>
     <span class='ocr_line' id='line_1_35' title="bbox 400 3879 1547 3969; baseline 0.001 -24"><span class='ocrx_word' id='word_1_267' title='bbox 400 3888 464 3946; x_wconf 79' lang='grc' dir='ltr'><strong>τῶν</strong></span> <span class='ocrx_word' id='word_1_268' title='bbox 489 3883 587 3961; x_wconf 79' lang='grc' dir='ltr'>ὁρίων</span> <span class='ocrx_word' id='word_1_269' title='bbox 611 3883 781 3957; x_wconf 78' lang='grc' dir='ltr'>Αἰγύπτου.</span> <span class='ocrx_word' id='word_1_270' title='bbox 807 3882 845 3943; x_wconf 72' lang='lat' dir='ltr'><strong>cf.</strong></span> <span class='ocrx_word' id='word_1_271' title='bbox 874 3880 933 3943; x_wconf 78' lang='grc' dir='ltr'>ίιιιι.</span> <span class='ocrx_word' id='word_1_272' title='bbox 959 3879 1033 3943; x_wconf 79' lang='lat' dir='ltr'><strong>thl</strong></span> <span class='ocrx_word' id='word_1_273' title='bbox 1060 3882 1089 3963; x_wconf 57' lang='grc' dir='ltr'><strong>ι’),</strong></span> <span class='ocrx_word' id='word_1_274' title='bbox 1112 3882 1167 3967; x_wconf 54' lang='grc'><strong>4.).</strong></span> <span class='ocrx_word' id='word_1_275' title='bbox 1211 3886 1337 3969; x_wconf 70' lang='lat' dir='ltr'><strong>Quippe</strong></span> <span class='ocrx_word' id='word_1_276' title='bbox 1360 3888 1493 3954; x_wconf 76' lang='lat' dir='ltr'><strong>honoris</strong></span> <span class='ocrx_word' id='word_1_277' title='bbox 1519 3890 1547 3952; x_wconf 74' lang='lat' dir='ltr'><strong>is</strong></span> 
     </span>
     <span class='ocr_line' id='line_1_36' title="bbox 399 3987 1548 4071; baseline 0.009 -21"><span class='ocrx_word' id='word_1_278' title='bbox 399 3995 468 4054; x_wconf 73' lang='lat' dir='ltr'><strong>crat</strong></span> <span class='ocrx_word' id='word_1_279' title='bbox 491 3989 616 4071; x_wconf 79' lang='lat' dir='ltr'><strong>titulus,</strong></span> <span class='ocrx_word' id='word_1_280' title='bbox 639 4011 703 4071; x_wconf 89' lang='lat' dir='ltr'><strong>quo</strong></span> <span class='ocrx_word' id='word_1_281' title='bbox 727 4009 871 4050; x_wconf 83' lang='lat' dir='ltr'><strong>summus</strong></span> <span class='ocrx_word' id='word_1_282' title='bbox 896 3987 1053 4050; x_wconf 83' lang='lat' dir='ltr'><strong>exercitus</strong></span> <span class='ocrx_word' id='word_1_283' title='bbox 1078 3990 1264 4069; x_wconf 78' lang='lat' dir='ltr'><strong>provinciae</strong></span> <span class='ocrx_word' id='word_1_284' title='bbox 1289 3994 1425 4059; x_wconf 81' lang='lat' dir='ltr'><strong>alicuius</strong></span> <span class='ocrx_word' id='word_1_285' title='bbox 1449 3997 1513 4060; x_wconf 87' lang='lat' dir='ltr'><strong>dux</strong></span> <span class='ocrx_word' id='word_1_286' title='bbox 1528 4021 1548 4060; x_wconf 85' lang='lat' dir='ltr'><strong>n</strong></span> 
     </span>
     <span class='ocr_line' id='line_1_37' title="bbox 399 4093 1547 4184; baseline 0.005 -23"><span class='ocrx_word' id='word_1_287' title='bbox 399 4098 560 4183; x_wconf 82' lang='lat' dir='ltr'><strong>regibus</strong></span> <span class='ocrx_word' id='word_1_288' title='bbox 595 4094 731 4160; x_wconf 75' lang='lat' dir='ltr'><strong>S‘riae</strong></span> <span class='ocrx_word' id='word_1_289' title='bbox 767 4096 971 4161; x_wconf 81' lang='lat' dir='ltr'><strong>condecorari</strong></span> <span class='ocrx_word' id='word_1_290' title='bbox 1004 4093 1142 4179; x_wconf 80' lang='lat' dir='ltr'><strong>solebat,</strong></span> <span class='ocrx_word' id='word_1_291' title='bbox 1175 4103 1229 4184; x_wconf 66' lang='lat' dir='ltr'><strong>ref.</strong></span> <span class='ocrx_word' id='word_1_292' title='bbox 1254 4101 1403 4165; x_wconf 75' lang='lat' dir='ltr'><strong>Sturkius</strong></span> <span class='ocrx_word' id='word_1_293' title='bbox 1434 4101 1547 4167; x_wconf 77' lang='lat' dir='ltr'><strong>‘Gaza&#39;</strong></span> 
     </span>
     <span class='ocr_line' id='line_1_38' title="bbox 399 4203 1547 4289; baseline 0.007 -22"><span class='ocrx_word' id='word_1_294' title='bbox 399 4226 428 4286; x_wconf 91' lang='lat' dir='ltr'><strong>p.</strong></span> <span class='ocrx_word' id='word_1_295' title='bbox 452 4205 515 4268; x_wconf 81' lang='lat'><strong>461</strong></span> <span class='ocrx_word' id='word_1_296' title='bbox 549 4203 645 4288; x_wconf 60' lang='lat' dir='ltr'><strong>sqq),</strong></span> <span class='ocrx_word' id='word_1_297' title='bbox 680 4209 773 4272; x_wconf 87' lang='lat' dir='ltr'><strong>sicuti</strong></span> <span class='ocrx_word' id='word_1_298' title='bbox 808 4206 869 4289; x_wconf 80' lang='lat' dir='ltr'><strong>ipsi</strong></span> <span class='ocrx_word' id='word_1_299' title='bbox 899 4206 1070 4271; x_wconf 81' lang='lat' dir='ltr'><strong>Ionathani</strong></span> <span class='ocrx_word' id='word_1_300' title='bbox 1104 4221 1200 4279; x_wconf 82' lang='lat' dir='ltr'><strong>antea</strong></span> <span class='ocrx_word' id='word_1_301' title='bbox 1235 4217 1417 4280; x_wconf 80' lang='lat' dir='ltr'><strong>Alexander</strong></span> <span class='ocrx_word' id='word_1_302' title='bbox 1449 4217 1547 4285; x_wconf 73' lang='lat' dir='ltr'><strong>Baias</strong></span> 
     </span>
    </p>
   </div>
   <div class='ocr_carea' id='block_1_4' title="bbox 0 0 1854 5086">
    <p class='ocr_par' dir='ltr' id='par_1_4' title="bbox 0 0 1854 5086">
     <span class='ocr_line' id='line_1_39' title="bbox 0 0 1854 5086; baseline 0 0"><span class='ocrx_word' id='word_1_303' title='bbox 0 0 1854 5086; x_wconf 95' lang='lat' dir='ltr'><strong> </strong></span> 
     </span>
    </p>
   </div>
  </div>
 </body>
</html>
