3690 5086
1475 400 1496 459 ι’)

343 557 388 640 ἀ),
411 556 431 618 i.
456 577 480 619 e.
512 555 606 621 ίιιίίίο
636 554 748 620 Martii
780 578 820 619 m.
849 556 925 620 anni
954 579 982 620 a.
1013 552 1087 619 chr.
1115 575 1145 617 n.
1172 554 1248 638 161,
1272 557 1340 620 sive
1359 565 1495 625 exeunte

344 684 428 727 anno
453 684 516 727 ner.
541 659 602 727 sel.
629 664 700 728 151.

433 767 503 832 Iam
527 770 672 853 sequitur
687 769 772 853 apud
786 770 963 854 Iosephum
977 768 1039 834 XII
1054 768 1133 844 10,ss
1150 766 1188 832 de
1200 766 1327 834 Aloimo
1342 772 1496 853 pontifico

343 875 496 958 narratio,
511 878 561 942 cui
578 879 763 957 βουληθέντι
786 881 933 942 καθελεῖν
949 879 986 941 τὸ
1000 881 1106 953 τείχοε
1125 879 1183 938 τοῦ
1202 875 1295 951 ἁγίου
1306 875 1361 960 (cf.
1376 874 1496 941 Deren-

344 983 447 1066 bourg
461 981 516 1067 Ip.
531 985 574 1048 ἀί)
589 984 660 1047 adn.
672 985 692 1047 3
704 988 818 1049 contro
834 983 1022 1048 Graetziuin
1035 980 1112 1045 hist.
1126 979 1195 1044 Ind.
1205 979 1255 1044 111
1268 1003 1299 1063 p.
1313 982 1377 1045 467
1394 982 1441 1046 ed.
1458 982 1496 1067 Ι),

344 1088 383 1152 ὂν
412 1091 550 1153 παλαιὸν
576 1092 626 1153 καί
657 1093 960 1167 κατεσκευασμένον
991 1089 1054 1152 ύπό
1084 1090 1150 1150 τῶν
1178 1086 1280 1162 ἁγίων
1308 1093 1495 1168 προφητῶν,

344 1198 448 1275 πληγή
472 1217 517 1260 τιε
541 1198 701 1277 αἰφνίδιοε
725 1199 760 1262 ἐκ
783 1202 841 1263 τοῦ
866 1203 943 1262 θεοῦ
974 1196 1196 1275 προσέπεσεν,
1225 1191 1280 1272 ὑφ’
1302 1194 1338 1274 ἦε
1362 1194 1496 1275 ἀφωνόε

344 1323 377 1366 τε
402 1303 453 1367 ἐπὶ
476 1306 534 1382 τὴν
562 1310 622 1384 γῆν
645 1308 823 1384 κατηνέχθη
851 1307 902 1369 καί
928 1303 1133 1384 βασανισθεὶε
1157 1303 1209 1365 έπὶ
1234 1301 1355 1378 συχνάε
1378 1304 1496 1382 ἡμέρα(

344 1407 516 1488 ἀπέθανεν,
547 1410 799 1491 ἀρχιερατεύσαε
828 1412 883 1490 έτη
912 1414 1066 1488 τέσσαρα.
1113 1409 1423 1486 τελευτήσαντα(
1456 1412 1494 1472 δὲ

344 1517 481 1580 τούτου
509 1521 578 1596 τὴν
606 1518 900 1598 ἀρχιερωσύνην
929 1518 948 1581 δ
977 1519 1073 1581 λαὸε
1097 1521 1148 1598 τῷ
1173 1513 1292 1596 Ἰούδᾳ
1320 1515 1495 1587 δίδωσιν,

343 1624 383 1685 ὃε
407 1621 573 1687 ἀκούσαε
603 1625 688 1702 περὶ
716 1630 780 1703 τῆε
804 1624 998 1700 Ῥωμαίων
1021 1621 1233 1699 δυνάμεωε,
1257 1623 1307 1684 καὶ
1331 1621 1378 1686 ὅτι
1403 1644 1495 1686 κατα-

344 1732 583 1808 πεπολεμήκασι
616 1735 675 1810 τήν
707 1753 741 1795 τε
772 1731 929 1795 Γαλατίαν
963 1733 1012 1793 καὶ
1042 1732 1100 1808 τὴν
1131 1727 1265 1807 Ἰβηρίαν
1295 1729 1356 1792 καί
1376 1730 1494 1809 Καρχη·

344 1837 423 1899 δύνα
446 1842 501 1915 τῆε
517 1838 639 1916 Λιβύηε,
664 1841 713 1902 καί
738 1840 817 1917 πρὸ(
842 1839 968 1902 τούτοιε
992 1834 1200 1915 τὴνἙλλάδα
1217 1835 1421 1912 κεχείρωνται
1446 1839 1495 1901 καί

343 1947 418 2007 τοὺε
445 1947 585 2022 βασιλεῖ(
609 1946 743 2023 Περσέα
766 1966 799 2008 τε
826 1947 876 2008 καὶ
892 1936 1053 2008 Φίλιππον
1068 1943 1191 2005 καὶτὸν
1206 1943 1307 2018 μέγαν
1322 1941 1495 2020 Ἀντίοχον,

344 2051 443 2125 ἔγνω
462 2052 594 2130 φιλίαν
619 2054 713 2129 πρὸ(
738 2053 877 2115 αύτούε
903 2054 1145 2130 ποιήσασθαι.
1175 2047 1296 2123 Quodsi
1324 2049 1423 2113 verba
1446 2072 1495 2114 or-

343 2155 416 2219 dine
439 2154 585 2240 legimus,
609 2155 754 2221 Nicanor
777 2156 828 2220 die
852 2158 898 2220 13.
923 2156 1012 2220 Adai·
1035 2156 1155 2219 mensis
1180 2178 1208 2219 α.
1232 2178 1260 2219 ο.
1284 2154 1315 2218 S.
1342 2157 1401 2220 151
1428 2178 1494 2221 mo·

343 2263 434 2345 ιίίιιτ,
457 2261 566 2345 paullo
582 2270 658 2344 posi
681 2263 828 2326 Alcimus
852 2263 1001 2347 pontifex
1023 2261 1183 2345 huiusque
1211 2261 1374 2326 inlocum
1398 2260 1495 2328 Iudas

343 2368 493 2450 succedit,
516 2369 570 2451 qui
585 2369 766 2452 pontifex
781 2368 969 2433 Maximus
985 2369 1026 2432 ab
1047 2367 1176 2433 Indaeis
1190 2371 1317 2434 creatus
1335 2391 1408 2434 cum
1431 2369 1494 2436 Ro·

343 2474 447 2538 manis
471 2473 584 2537 foedus
610 2475 785 2558 componit.
831 2474 978 2559 Denique
994 2479 1140 2539 morinus
1158 2473 1277 2540 dicitur
1299 2478 1365 2555 τὴν
1388 2475 1494 2556 ἀρχι-

344 2581 541 2659 ερωσύνην
566 2582 650 2645 ἔτοε
674 2583 804 2661 τρίτον
829 2584 1047 2661 κατασχών,
1075 2579 1152 2668 (los.
1180 2580 1243 2646 XII
1273 2584 1323 2666 11,
1346 2581 1392 2669 2),
1424 2584 1444 2648 i.
1468 2606 1495 2649 ο.

343 2686 438 2753 initio
463 2688 538 2752 anni
563 2711 625 2753 aer.
650 2688 712 2752 Sel.
740 2691 812 2772 152,
837 2691 906 2754 sivo
930 2688 1017 2753 Maio
1042 2688 1108 2752 fere
1132 2709 1243 2753 mense
1267 2711 1295 2753 α.
1314 2712 1341 2754 ο.
1366 2687 1441 2755 Chr.
1463 2712 1493 2756 n

346 2795 416 2877 161,
439 2794 495 2858 ubi
518 2794 649 2878 velipso
672 2796 815 2859 tertius
832 2797 1041 2879 pontificatus
1065 2817 1169 2859 annus
1184 2794 1338 2878 explicari
1362 2798 1493 2862 omnino

342 2922 408 2966 non
430 2906 548 2985 potest.
593 2900 694 2967 Ροιαο
719 2903 795 2986 quid
819 2903 905 2966 idem
929 2903 983 2967 ille
1006 2901 1165 2985 Iosephus
1189 2901 1228 2965 Α.
1246 2900 1316 2985 XX,
1342 2904 1382 2968 10
1396 2904 1431 2968 in
1444 2926 1494 2968 re·

343 3008 509 3072 censendis
533 3011 743 3092 pontifioibus
768 3009 806 3072 de
831 3009 981 3074 Animo?
1026 3011 1163 3087 Πρῶτοε
1189 3011 1224 3073 δὲ
1249 3007 1418 3089 Ἀντίοχος,
1439 3011 1495 3093 an,

343 3115 613 3194 δπροειρημένοε
638 3116 731 3180 καὶὸ
756 3119 937 3195 στρατηγὸε
966 3116 1065 3181 αὐτοῦ
1094 3116 1213 3180 Λυσία(
1237 3117 1294 3180 τὸν
1318 3115 1435 3195 Ὀνίαν,
1467 3115 1493 3200 ᾧ

344 3223 510 3286 Μενέλαοι
534 3224 674 3301 ἐπίκλην,
699 3225 840 3288 παύουσι
865 3229 919 3303 τῆε
935 3222 1184 3302 ἀρχιερωσύνηε,
1208 3221 1378 3287 ἀνελόντεε
1393 3222 1493 3286 αὐτὸν

343 3329 379 3391 ἐν
403 3329 525 3410 Βεροίᾳ,
549 3332 598 3393 καὶ
623 3332 680 3394 τὸν
705 3335 805 3395 παῖδα
828 3335 883 3409 τῆε
899 3335 1050 3409 διαδοχῆς
1065 3328 1289 3394 ἀπελάσαντεε
1304 3330 1493 3394 καθιστᾶσιν

345 3432 475 3512 Ἰάκιμον
499 3435 656 3514 ἀρχιερέα,
680 3439 796 3511 γένουε
822 3439 879 3513 μὲν
903 3441 961 3501 τού
985 3436 1159 3514 Ἀαρῶνα,
1188 3436 1246 3499 οὐκ
1277 3434 1356 3499 ὄντα
1379 3436 1415 3498 δὲ
1438 3439 1494 3513 τῆ(

345 3541 443 3605 οίκίαε
467 3543 582 3620 ταύτης
607 3593 769 3604 ......
795 3543 814 3605 δ
839 3545 873 3606 δὲ
900 3541 1028 3619 Ἰάκιμοε
1053 3541 1107 3619 ἔτη
1131 3541 1203 3620 τρία
1223 3544 1281 3619 τήν
1296 3539 1493 3619 ἀρχιερωσύ-

344 3668 402 3726 νην
435 3651 608 3726 κατασχὼν
640 3650 860 3726 ἐτελεύτησεν.
908 3652 1105 3714 διεδέξατο
1135 3651 1174 3712 δὲ
1204 3648 1330 3712 ούδεὶε
1360 3645 1492 3723 αὐτόν,

344 3754 439 3817 ἀλλά
463 3757 685 3818 διετέλεσεν
709 3756 727 3831 ἡ
753 3754 863 3817 πόλιε
886 3757 1087 3819 ἐνιαυτοὺε
1112 3755 1206 3818 ἑπτὰ
1230 3755 1342 3832 χωρίε
1367 3752 1492 3832 ἀρχιε-

344 3863 437 3938 ρέω(
461 3860 565 3925 ούσα.
605 3859 701 3923 πάλιν
722 3862 756 3923 δέ
781 3860 811 3923 οί
835 3864 901 3924 τῶν
925 3861 1147 3938 Ἀσαμωναίου
1172 3858 1207 3944 (i.
1236 3882 1262 3922 e.
1285 3856 1494 3941 Mattathioe)

344 3970 468 4032 παίδων
492 3968 626 4044 ἔκγονοι.
651 3970 709 4045 τὴν
733 3969 939 4045 προστασίαν
968 3972 1025 4031 τού
1053 3968 1167 4032 ἔθνουε
1192 3967 1415 4054 πιστευθέντεε
1443 3963 1493 4026 καὶ

345 4077 586 4154 πολεμήσαντες
618 4073 817 4143 Μακεδόσιν,
852 4073 1027 4152 Ἰωνάθην
1050 4073 1200 4152 ἀρχιερέα
1224 4074 1424 4146 καθιστᾶσιν,
1458 4070 1494 4132 ὃ(

344 4181 438 4260 ἦρξεν
462 4182 627 4245 ἐνιαυτούε
647 4181 735 4245 ἑπτά.

345 4375 372 4428 la
390 4373 562 4428 domination
581 4371 706 4426 somnino
726 4388 760 4424 en
781 4371 875 4426 lude'o'
897 4369 1034 4426 Bruxellis
1057 4375 1123 4425 1847
1144 4369 1155 4423 1
1174 4387 1200 4438 p.
1218 4346 1278 4436 ¹103)
1297 4364 1441 4421 Graetzins
1457 4363 1492 4416 111

344 4463 370 4514 p.
390 4451 440 4499 161
461 4464 519 4513 sqq.
540 4449 567 4497 nt
587 4443 769 4510 Derenbourg
795 4443 879 4497 ‘essai
899 4461 946 4496 sur
965 4440 1100 4495 l’histoiro
1125 4443 1153 4493 et
1178 4440 1206 4492 1ο
1223 4436 1393 4508 μύοςτομδίο
1413 4434 1447 4486 de
1466 4433 1495 4486 ln

344 4515 494 4568 Palestino'
516 4514 629 4568 Parisiis
652 4520 718 4567 1807
741 4515 748 4565 1
771 4532 796 4582 p.
818 4521 869 4567 439
891 4532 949 4580 sqq.
