3690 5086
434 126 524 192 Horo
548 126 692 192 advorsis
716 126 879 192 frontibus
903 127 990 192 inter
1014 149 1048 192 se
1066 148 1210 213 pugnare
1233 123 1353 190 dudum
1376 124 1499 190 intelle·

345 238 432 299 otum
456 239 515 318 est,
539 238 574 298 at
595 234 665 319 ipse
690 256 779 299 error
801 235 896 318 plano
920 234 1159 320 inexplicabilis
1181 232 1314 298 videtur.
1344 231 1500 297 Attenda-

346 363 416 405 mus
441 342 542 427 igitur
565 341 606 405 ιιι]
619 339 636 404 Ι
650 338 750 406 Marc.
774 340 851 405 libri
870 343 1073 427 scriptorem,
1097 364 1191 427 quom
1215 341 1249 405 in
1267 340 1398 404 illormn
1420 342 1500 404 tom·

346 469 462 530 porum
485 449 580 512 robus
604 469 704 511 mmm
729 447 769 512 ab
794 447 934 532 losoplro
963 449 1173 532 compilatum
1197 471 1267 512 osso
1291 467 1402 512 omnes
1426 467 1501 510 oon·

345 556 498 619 sentiunt.
506 553 531 640 ¹)
599 554 645 617 At
681 555 799 637 planus
833 560 883 618 ost
915 577 1092 619 consensus
1124 555 1271 639 irlomquo
1303 553 1499 620 narrationis

344 660 507 744 ιλοοιιιοιιο,
530 661 594 724 nisi
614 659 699 745 quod
714 660 815 724 nihil
840 660 909 725 illo
934 662 979 726 de
1004 661 1152 728 Alcimo
1175 663 1244 728 hoo
1267 664 1500 747 tempestato

345 772 506 832 mortuo.
529 767 633 833 Immo
658 789 743 833 ιιοιιο
768 767 896 832 demum
911 769 1018 853 capito
1034 792 1080 833 rs.
1100 771 1143 835 54
1158 769 1329 835 Tischend.
1341 768 1499 835 habemus

343 873 456 940 haere:
471 878 521 939 καὶ
532 877 568 940 ἐν
579 875 642 941 ἔτει
657 877 753 959 τρίτῳ
763 878 814 940 καὶ
828 881 1039 960 πεντηκοστῷ
1050 878 1099 940 καὶ
1112 877 1277 961 ἑκατοστῷ
1288 879 1360 956 μηνὶ
1371 882 1417 961 τῷ
1427 881 1498 940 δευ-

343 983 426 1066 τέρῳ
451 981 486 1069 (ι.
510 1006 535 1046 ε.
560 981 640 1068 lior)
672 985 827 1048 ἐπέταξεν
860 983 1009 1062 Ἄλκιμοε
1043 989 1206 1062 καθαιρεῖν
1236 986 1275 1049 τὸ
1307 989 1413 1062 τεῖχοε
1443 987 1499 1061 τῆτ

344 1089 443 1168 αὐλή(
467 1093 533 1154 τῶν
556 1088 659 1164 ἁγίων
682 1096 738 1170 τῆ(
762 1091 935 1169 ἐσωτέραε,
959 1093 1009 1154 καὶ
1034 1095 1160 1156 καθεῖλε
1185 1091 1225 1154 τά
1247 1091 1326 1169 ἔργα
1339 1093 1406 1153 τῶν
1421 1109 1498 1168 προ·

345 1198 458 1273 φητῶν
492 1198 542 1260 καὶ
575 1199 730 1276 ἐνήρξατο
759 1202 818 1261 τοῦ
847 1203 1018 1275 καθαιρεῖν.
1052 1199 1105 1261 55.
1135 1199 1172 1261 ἐν
1195 1201 1241 1281 τῷ
1264 1200 1363 1280 καιρῷ
1387 1197 1499 1279 ἐκείνῳ

345 1302 467 1382 ἐπλήγη
492 1302 641 1380 Ἄλκιμοτ
666 1307 715 1367 καὶ
739 1305 934 1382 ε’νεποδίσθη
958 1305 998 1366 τὰ
1017 1303 1096 1381 ἔργα
1120 1305 1228 1380 αὐτοῦ,
1253 1305 1302 1366 καὶ
1326 1301 1498 1382 ἀπεφράγη

344 1410 382 1472 τὸ
405 1409 511 1486 στόμα
535 1411 635 1474 αὐτοῦ
660 1415 711 1474 καῖ
736 1412 913 1487 παρελύθη,
947 1411 997 1472 καὶ
1031 1409 1089 1473 ούκ
1121 1409 1258 1472 ἐδύνατο
1286 1409 1332 1472 ἔτι
1361 1411 1499 1488 λαλῆσαι

345 1513 446 1591 λόγον
470 1517 519 1580 καὶ
544 1516 749 1580 ἐντείλασθαι
773 1516 844 1592 περὶ
868 1517 926 1578 τού
950 1513 1041 1577 οἴκου
1066 1515 1174 1578 αὐτοῦ.
1204 1514 1256 1577 ι’)ά.
1270 1515 1321 1577 καὶ
1335 1514 1497 1580 ἀπέθανεν

344 1619 492 1698 Ἄλκιμος
525 1623 561 1686 ἐν
594 1626 640 1704 τῷ
673 1625 772 1702 καιρῷ
806 1619 918 1701 ἐκείνῳ
952 1621 1031 1697 μετά
1065 1620 1210 1699 βασάνου
1243 1619 1390 1699 μεγάλητ,
1421 1621 1440 1683 ἱ.
1473 1642 1499 1685 o.

344 1725 474 1791 inomrto
499 1749 584 1792 anno
605 1750 667 1792 sor.
692 1727 755 1790 sel.
783 1724 1096 1809 15111111111111
1120 1727 1196 1790 οιιιιί
1220 1749 1249 1790 ιι.
1273 1723 1348 1792 Olrr.
1371 1748 1401 1790 ιι.
1428 1728 1499 1810 λύΟ,

344 1839 434 1916 post
457 1833 470 1896 I
479 1835 588 1899 udam
612 1837 804 1898 mortuum
827 1832 858 1917 (l
880 1831 981 1898 llaec.
1005 1834 1034 1915 9,
1062 1831 1193 1920 1-22).

434 1938 560 2006 Caussa
587 1942 689 2026 igitur
717 1941 833 2005 mortis
863 1940 950 2025 apud
973 1946 1145 2024 utrumque
1174 1941 1364 2024 scriptorem
1388 1939 1499 2004 radoin

344 2049 404 2130 ost,
427 2069 530 2111 onnus
556 2046 596 2111 ab
622 2046 762 2129 Ioseplro
788 2051 899 2130 operte
928 2046 1095 2112 confictus.
1124 2046 1225 2113 Porro
1250 2047 1401 2131 scriptori
1424 2047 1499 2111 libri

343 2150 368 2216 I.
400 2151 501 2219 Maec.
534 2153 632 2218 Iudas
671 2153 834 2236 simplex
872 2155 1069 2218 exercitus
1106 2156 1178 2218 (lux
1215 2160 1286 2236 est,
1323 2153 1499 2238 pontifox

343 2256 532 2324 Maximus
557 2258 707 2343 Iosepho.
754 2258 844 2323 Haeo
867 2261 969 2344 igitur
993 2260 1020 2324 si
1039 2264 1198 2343 tenentur,
1221 2261 1340 2325 eortius
1363 2261 1403 2325 ‹lo
1426 2261 1498 2343 ipso

345 2366 472 2430 foedere
496 2366 652 2432 iudicium
676 2366 746 2429 fieri
771 2371 888 2449 potest.
934 2365 984 2430 Do
1014 2388 1077 2450 quo
1102 2367 1241 2450 scriptor
1263 2366 1337 2431 libri
1360 2364 1377 2429 I
1399 2365 1498 2431 Maro.

344 2471 425 2538 hoec
448 2472 601 2556 prodidit,
626 2495 695 2556 cop.
719 2473 749 2551 9,
776 2477 790 2537 l
817 2492 901 2556 sqq.:
948 2475 999 2537 καὶ
1028 2475 1170 2552 ἤκουσεν
1194 2472 1311 2539 Ἰούδα(
1334 2475 1372 2538 τὸ
1396 2473 1499 2552 ὄνομα

344 2582 409 2642 τῶν
432 2579 598 2658 Ῥωμαίων
622 2580 671 2643 ὅτι
700 2580 762 2644 εἰσί
791 2582 922 2644 δυνατοὶ
951 2580 1038 2657 ἰσχύι
1062 2581 1112 2644 καὶ
1136 2580 1226 2646 αὐτοὶ
1250 2582 1440 2646 εὐδοκοῦσιν
1463 2581 1499 2645 ἐν

344 2690 423 2751 πᾶσι
447 2692 515 2752 τοῑε
540 2689 803 2765 προστιθεμένοιε
828 2688 947 2764 αὐτοῖς,
970 2689 1022 2750 καὶ
1045 2685 1119 2751 ὅσοι
1138 2687 1178 2750 ἂν
1193 2690 1420 2766 προσέλθωσιν
1443 2688 1498 2750 αὐ·

344 2798 412 2858 rote
435 2794 572 2859 ἱστῶσιν
596 2795 707 2858 αὐτοῑε
730 2795 851 2874 φιλίαν.
876 2795 904 2857 2.
930 2794 981 2857 καὶ
1004 2792 1053 2856 ὅτι
1079 2793 1140 2857 εἰσὶ
1165 2795 1296 2858 δυνατοὶ
1320 2793 1414 2871 ἰσχύι.
1448 2795 1498 2857 καλ

345 2903 544 2980 διηγήσαντο
572 2901 660 2984 αὐτῷ
688 2903 763 2964 τού(
791 2903 953 2977 πολέμου(
982 2900 1091 2962 αὐτῶν
1118 2900 1168 2962 καὶ
1197 2900 1254 2963 τά(
1284 2899 1498 2979 ἀνδραγαθίαι

344 3006 382 3070 ἃ(
406 3013 557 3073 ποιοῦσιν
581 3009 617 3072 ἐν
641 3011 708 3071 τοῖε
734 3007 897 3074 Γαλάταις.
921 3007 971 3070 καὶ
996 3005 1045 3069 ὅτι
1071 3006 1310 3084 κατεκράτησαν
1325 3006 1433 3070 αὐτῶν
1449 3009 1497 3071 καλ

344 3116 468 3193 ἤγαγον
501 3117 619 3179 αὐτοὺ(
653 3115 716 3178 ὑπὸ
750 3115 858 3193 φόρον
882 3163 1014 3178 .....
1058 3114 1104 3176 12.
1136 3114 1214 3189 μετὰ
1244 3114 1280 3176 δὲ
1303 3117 1369 3176 τῶν
1392 3115 1498 3193 φίλων

345 3221 452 3285 αὐτῶν
482 3224 532 3285 καὶ
563 3225 629 3286 τῶν
660 3223 961 3298 ἑπαναπαυομὲνιιιν
991 3220 1101 3283 αύτοῑτ
1132 3221 1357 3298 συνετήρησαν
1387 3221 1498 3299 φιλίαν

344 3329 393 3391 καὶ
418 3328 659 3407 κατεκράτησαν
688 3331 753 3391 τῶν
783 3330 957 3407 βασιλειῶν
984 3330 1051 3389 τῶν
1080 3327 1175 3400 ἐγγὺε
1204 3327 1343 3388 καὶτῶν
1366 3328 1497 3405 μακράν,

345 3437 394 3497 καὶ
418 3434 492 3499 ὅσοι
516 3437 636 3514 ἤκουον
660 3437 697 3498 τύ
712 3435 815 3510 ὄνομα
826 3436 933 3498 αὐτῶν
946 3436 1130 3512 ἐφοβοῦντο
1141 3429 1195 3493 ἀπ’
1205 3431 1319 3494 αὐτῶν.
1349 3432 1395 3497 13.
1406 3433 1497 3499 ὅσοι(

345 3539 373 3602 δ’
395 3541 435 3602 ἂν
460 3543 639 3619 βούλωνται
665 3547 793 3619 βοηθεῖν
819 3543 868 3604 καὶ
885 3540 1076 3619 βασιλεύειν.
1102 3538 1337 3615 βασιλεύουσιν·
1357 3541 1413 3604 οὓ(
1428 3541 1497 3604 δ’άν

345 3665 427 3673 ..—-—-
445 3667 555 3673 ..ψ-...-

420 3731 437 3791 ι,
461 3732 543 3796 prum,
564 3734 637 3801 quod
659 3734 753 3798 ,cim
774 3734 909 3800 wigorn„-
924 3733 941 3785 l.
963 3751 983 3784 s.
1004 3730 1029 3783 d.
1051 3749 1076 3799 p.
1097 3730 1496 3789 1111οιίιιιιιιιλύοιπιιιλλυιπ.

346 3800 445 3854 librum
470 3804 585 3872 losoplro
607 3811 700 3858 notum
723 3805 839 3872 ιινιιίηιιι·
858 3804 944 3856 titisse
964 3801 1042 3856 dixit.
1082 3801 1209 3855 cetorum
1233 3820 1287 3856 11011
1311 3804 1370 3858 sine
1390 3806 1497 3859 milon?

344 3873 439 3940 aliqua
470 3874 615 3928 vaitzius
646 3875 690 3929 ‘ilo
725 3876 811 3928 Flavii
848 3872 956 3942 losephi
992 3874 1044 3924 tirlo
1073 3877 1156 3941 atquo
1184 3875 1362 3929 :rmetoritoto’
1393 3881 1496 3945 (progr.

345 3944 470 4012 ltrgiom.
493 3952 572 3999 λβύῖλ
593 3966 619 4016 1¹.
635 3949 748 3999 1111111
773 3946 857 3998 rideri
879 3945 931 3996 sibi
955 3945 1100 4012 losoplmm
1121 3944 1205 3999 stium
1227 3966 1268 3999 ιϊυ
1288 3966 1305 3999 ιι
1324 3947 1496 4001 Μυευυίκιυίυ

344 4020 442 4094 ποιάν-ιι
470 4016 678 4070 Solrurirlmmm
709 4034 786 4084 rogos
815 4020 909 4082 gestus
930 4034 1053 4067 seorsum
1084 4016 1216 4084 singul-ori
1244 4035 1327 4086 opero
1353 4017 1496 4087 scripsisse

345 4087 519 4138 νιιῑιιίλικιιιίλ.
