3690 5086
353 106 402 185 12,
432 107 471 170 1ss
504 103 686 170 Numenius
714 106 871 172 Antiochi
893 106 924 171 l:
939 110 972 171 ot
994 106 1172 194 Antipater
1194 111 1323 176 Iasonis
1346 111 1381 195 1.,
1404 132 1499 195 quae·

349 211 545 297 rendumque
569 214 635 279 ium
658 213 753 279 etde
781 218 928 298 tempore
956 219 990 280 et
1017 214 1056 279 de
1083 216 1156 282 lide.
1206 216 1301 295 Quod
1327 221 1500 304 utrumque

349 340 387 383 ex
411 319 494 386 libro
517 320 649 386 IMaoc.
672 321 848 386 eruendum
867 343 939 386 esse
954 321 1067 386 statim
1086 321 1229 407 adparet,
1252 347 1326 391 cunr
1339 324 1498 410 Iosephus

348 425 534 491 fidelissime
557 428 606 492 illi
629 427 737 493 verbis
760 430 856 492 tenus
887 427 1080 493 adhaeserit.
1127 427 1198 505 Quo
1227 432 1354 516 gratius
1383 432 1500 497 accidit

348 533 490 598 ciusdem
527 533 661 618 Iosephi
692 535 919 600 testimonium
951 533 1033 600 hoce
1061 536 1136 599 ante
1165 535 1389 622 Antiquitates
1422 539 1498 604 scri·

348 643 437 723 ptum
461 640 495 704 in
519 639 556 705 B.
579 642 600 706 1.
622 642 684 726 Ι2,
701 644 731 707 1:
756 640 984 722 διαδεξάμενος
1007 643 1042 706 δὲ
1066 645 1185 708 τοῦτον
1209 640 1390 730 (Ἰούδαν)ὁ
1404 643 1497 710 ἀδελ-

348 749 410 826 ou<
435 747 581 827 Ἰωνάθη(
603 748 645 812 τά
667 770 702 815 τε
727 746 810 812 ἄλλα
834 749 917 828 πρὸ(
939 750 1015 814 τοὺ(
1042 748 1236 828 ἐπιχωρίου(
1268 751 1321 814 διὰ
1352 755 1498 831 φυλακή(

348 856 426 935 ἦγεν
449 856 574 932 ἑαυτόν,
609 856 668 920 καὶ
691 863 733 941 τῇ
757 855 853 935 πρὸ(
884 854 1095 934 Ῥωμαίου(
1128 856 1240 940 φιλίᾳ
1271 858 1342 935 τὴν
1374 855 1499 936 ἀρχὴν

347 963 595 1041 ἐκρατύνατο,
628 963 767 1041 πρόετε
792 963 851 1027 τὸν
875 960 1041 1040 Ἀντίοχον
1065 967 1166 1027 παῖδα
1190 964 1366 1037 διαλλαγὰς
1389 966 1497 1043 ἐποιή-

347 1084 437 1146 σατο,
461 1068 518 1133 ubi
541 1090 582 1133 ue
606 1068 736 1133 articuli
759 1067 890 1153 quidem
913 1068 963 1134 vis
986 1065 1038 1154 (τῇ
1062 1065 1169 1156 φιλίᾳ)
1187 1067 1389 1155 neglegenda
1411 1070 1498 1135 ride·

346 1178 408 1239 tur.
453 1174 499 1242 Ut
520 1175 670 1241 Romana
694 1174 824 1261 quidem
852 1175 974 1261 legatio
1007 1176 1157 1259 quamvis
1189 1177 1334 1242 breviter
1366 1175 1497 1261 sineque

346 1280 413 1345 alla
435 1284 591 1367 temporis
617 1283 856 1368 significatione
880 1286 1061 1347 memorata
1084 1287 1118 1347 et
1139 1282 1202 1349 boo
1225 1283 1358 1367 Iosephi
1382 1288 1415 1348 et
1437 1284 1494 1350 illo

347 1389 513 1473 scriptoris
536 1389 557 1454 l.
580 1390 596 1455 1
619 1388 721 1454 Mace.
744 1389 934 1454 testimonio
959 1389 1162 1472 aliquantum
1186 1390 1342 1456 firmetur.

434 1493 556 1570 Quodsi
580 1496 646 1560 ism
669 1495 777 1580 ipsam
799 1517 908 1560 rerum
930 1494 1047 1559 seriem
1070 1517 1108 1560 aa
1132 1495 1303 1562 decursum
1326 1500 1497 1583 sequimur,

347 1604 382 1664 ut
405 1600 604 1686 legationem
627 1602 719 1667 illam
742 1623 828 1667 anno
852 1623 916 1666 aer.
941 1598 1004 1665 Sel.
1026 1601 1088 1667 168
1113 1602 1133 1666 1.
1157 1624 1184 1667 e.
1208 1625 1294 1669 amro
1318 1627 1346 1669 a.
1371 1603 1444 1671 chr.
1466 1627 1497 1672 n

346 1707 418 1771 inde
442 1731 461 1772 a
484 1708 603 1773 Martio
628 1732 669 1773 m.
697 1709 881 1774 145-144
905 1707 1098 1792 tribuamus,
1122 1709 1203 1775 adeo
1228 1711 1338 1776 omnia
1361 1711 1495 1777 suadere

346 1813 507 1900 videntur,
531 1819 569 1879 ut
600 1837 739 1899 operosa
771 1814 1048 1881 demonstratione
1083 1816 1293 1899 supersedere
1324 1818 1497 1902 possimus.

345 1919 420 1984 Fuit
443 1925 562 2003 autem,
585 1924 622 1984 ut
646 1919 796 2004 vidimus,
820 1919 994 1986 admodum
1017 1921 1187 2006 splendida
1200 1922 1257 1988 illo
1273 1923 1402 2008 quidem
1416 1928 1495 1989 tem-

346 2049 423 2110 pore
456 2027 613 2093 louathae
660 2026 822 2111 condicio,
862 2030 976 2110 utpote
1008 2027 1064 2112 qui
1097 2031 1130 2092 et
1162 2051 1248 2096 novo
1281 2028 1396 2115 Syriae
1427 2033 1497 2117 regi

346 2138 459 2220 gratus
492 2140 708 2220 acceptusque
742 2137 829 2198 esset
861 2138 895 2199 et
917 2154 976 2198 suo
999 2134 1122 2217 populo
1150 2136 1348 2202 carissimus.
1392 2136 1496 2203 Porro

344 2242 451 2327 Iudae,
474 2244 528 2328 qui
551 2241 691 2308 Romani
715 2241 900 2308 commercii
924 2241 1049 2325 primus
1074 2245 1189 2308 auctor
1212 2243 1331 2328 luerat,
1354 2267 1422 2310 non
1445 2268 1495 2311 so-

345 2351 412 2415 lum
434 2373 494 2435 par
517 2350 581 2433 illc,
606 2349 663 2415 sed
686 2348 838 2414 adiuncto
862 2347 1058 2433 pontificatu
1082 2369 1184 2433 eoque
1209 2372 1228 2414 a
1248 2347 1404 2434 Syrorum
1419 2373 1495 2436 rege

345 2458 535 2523 confirmato
564 2458 634 2523 sine
668 2456 766 2521 dubio
800 2455 913 2521 maior.
959 2452 1005 2520 Ut
1037 2453 1242 2521 dubitatione
1275 2457 1362 2521 omni
1394 2461 1496 2536 vacet,

346 2565 431 2649 quod
453 2564 551 2630 Iudae
579 2564 720 2648 licuerit,
748 2563 782 2628 id
810 2584 876 2628 non
904 2561 1011 2626 minus
1038 2560 1186 2647 legitimo
1220 2562 1289 2627 eius
1318 2565 1495 2630 successori

343 2672 481 2737 licuisse.
519 2670 603 2746 Quid
626 2671 728 2755 igitur
751 2669 927 2753 obstiterit,
951 2668 1029 2753 quin
1051 2688 1166 2753 reapse
1180 2667 1343 2735 Ionathan
1357 2667 1494 2735 Romam

345 2778 481 2863 miserit,
518 2779 582 2863 qui
610 2779 765 2844 fidelem
798 2799 905 2843 suum
938 2781 1051 2861 atque
1085 2776 1247 2842 amicum
1280 2798 1372 2862 erga
1404 2801 1434 2862 p.
1457 2776 1495 2843 ll.

345 2885 509 2950 animum
533 2885 793 2969 declararent,
815 2883 903 2950 haud
933 2883 1042 2966 facile,
1075 2882 1185 2969 credo,
1217 2883 1345 2949 dixeris.
1391 2882 1495 2950 Nimi-

344 3012 415 3055 rum
439 3013 599 3075 aequum
622 2990 760 3056 foedus
784 2991 933 3057 renovari
957 3011 1024 3055 non
1047 2990 1165 3074 potuit,
1189 2991 1308 3075 quippe
1328 2991 1412 3076 quod
1427 3015 1494 3058 om-

343 3098 420 3164 nino
442 3098 586 3163 nondum
611 3097 734 3162 factum
758 3102 853 3162 esset.

432 3203 578 3290 Benigne
602 3205 704 3290 igitur
727 3207 860 3268 senatus
883 3202 1012 3286 legatos
1026 3200 1221 3269 ludaeorum
1249 3205 1377 3289 excepit
1403 3205 1493 3271 beni·

345 3333 468 3398 guoque
492 3312 616 3377 dimisit
639 3310 759 3375 litteris
774 3310 906 3393 insuper
915 3307 1042 3372 itineris
1067 3309 1276 3375 securitatem
1299 3314 1493 3395 praestanti-

344 3417 404 3483 bus
429 3419 466 3483 de
491 3441 580 3484 more
601 3418 696 3483 datis.

435 3525 524 3602 Quae
548 3528 595 3591 ita
620 3523 776 3591 accidisse
800 3521 834 3587 id
857 3541 983 3605 quoque
1007 3519 1202 3587 documento
1218 3527 1277 3606 est,
1300 3526 1493 3613 quadrages

346 3629 459 3716 Syriae
497 3634 660 3717 promissa
693 3630 751 3696 illa
782 3627 940 3695 Ionathae
974 3625 1052 3690 date
1088 3649 1155 3692 non
1193 3630 1299 3715 magis
1337 3634 1494 3698 curabunt

345 3762 440 3824 quam
464 3762 546 3823 quae
569 3739 668 3805 Iudas
692 3737 935 3822 impetraverat.
968 3731 1093 3798 Contra
1112 3734 1249 3802 simulac
1272 3735 1434 3822 Simoni,
1457 3745 1494 3805 ut

345 3868 419 3910 mox
443 3846 731 3928 demonstrabitur,
756 3865 913 3929 acquum
942 3841 1079 3906 foedas
1112 3865 1132 3906 a
1163 3847 1278 3908 senatu
1306 3866 1493 3912 concessum

346 3956 404 4035 est,
427 3956 497 4018 tota
521 3975 572 4017 res
598 3952 707 4017 subito
737 3952 965 4017 commutatur.
1012 3946 1138 4014 Carent
1169 3970 1263 4036 reges
1295 3949 1422 4038 Syriae,
1453 3976 1494 4019 ne

344 4059 440 4124 nimis
472 4059 547 4125 illos
579 4059 713 4125 laedant
745 4082 803 4126 nec
837 4058 933 4124 victis
965 4057 1063 4122 nimis
1096 4057 1176 4124 dura
1209 4058 1384 4144 imperant,
1417 4082 1491 4146 que-
