3690 5086
346 90 659 156 translationem
682 112 753 156 ease
769 86 927 156 Graecam
945 88 1132 176 perisseque
1153 92 1338 174 exemplum
1359 91 1496 160 Hebrai-

348 218 430 262 cum.
476 196 600 272 Quodsi
624 197 658 262 in
680 196 743 263 boc
766 198 923 282 scriptum
946 200 1017 262 erat
1040 200 1077 261 ut
1106 197 1206 262 vertit
1227 196 1387 264 Fraenlsel
1414 221 1496 264 vers.

345 300 435 367 hebr.
457 302 734 387 Apce1·yphcrum
757 300 859 388 (Lips.
878 301 990 388 1830):
1013 301 1098 389 urbs}
1114 307 1199 389 κηἰτ
1216 305 1296 395 ἀίξας
1311 321 1362 394 χοι,
1377 306 1496 385 aaran&

346 407 427 497 *aba
443 408 543 500 ηζιξξ,
566 407 662 472 facile
686 407 896 494 intellegitur,
918 407 1001 472 unde
1025 407 1191 473 consulem
1210 408 1303 473 illum
1319 411 1495 494 sumpserit

347 509 520 594 imperitus
543 514 705 599 interpres
730 512 887 598 Graecus,
915 514 992 579 talis
1019 513 1225 598 ignorantiae
1256 515 1386 600 saepius
1409 517 1495 582 inen-

346 616 465 682 sandua
490 618 544 706 (cl.
569 617 747 685 Grimmius
771 643 915 705 prooem.
938 643 968 704 p.
982 617 1043 684 XV
1068 617 1152 706 sqq.)
1174 619 1275 686 Recta
1300 622 1400 708 igitur
1423 645 1496 688 cum

345 721 441 788 huius
464 723 566 791 Lucio
591 726 703 810 ὑπάτῳ
735 725 866 811 Iosephi
898 728 1028 792 Λεύκιος
1059 726 1235 807 Οὐαλέριος
1264 728 1398 793 Λευκίου
1428 730 1497 795 υίὸς

345 832 526 909 στρατηγὸς
550 831 809 919 compacatam),
840 833 895 917 qni
923 833 1022 897 etiam
1046 832 1178 915 plenum
1200 835 1369 900 nominum
1391 836 1496 922 legiti-

344 958 471 1001 morum
493 959 665 1003 nnmerum
679 975 721 986 -
735 960 812 1003 nam
835 959 892 1002 cur
915 959 1096 1024 cognomen
1118 959 1193 1005 cum
1206 940 1296 1004 tribu
1310 941 1406 1026 absit,
1420 963 1497 1007 mox

344 1042 560 1126 explicabitur
583 1081 625 1091 -
648 1043 758 1109 habet
1000 1033 1007 1044 ’

436 1148 526 1214 Haec
551 1156 661 1216 autem
684 1151 874 1234 priusquam
896 1149 1024 1235 plenius
1047 1171 1280 1236 persequamur
1303 1157 1496 1239 praetorque

349 1257 490 1320 consulis
515 1258 585 1322 rice
610 1262 647 1322 ut
670 1257 797 1322 videtur
819 1258 947 1341 positus
971 1256 1047 1342 qaid
1079 1256 1143 1321 sibi
1175 1258 1255 1323 velit
1286 1281 1496 1346 exponamus,

345 1362 443 1427 verbo
467 1365 633 1450 tangenda
656 1368 707 1428 est
729 1363 874 1428 clausula
897 1363 932 1427 in
954 1362 1151 1428 editionibus
1174 1366 1297 1431 nostris
1319 1365 1396 1431 huic
1419 1365 1495 1433 Scto

345 1467 501 1533 subnexa:
539 1476 641 1536 ταῦτα
664 1473 795 1545 ἐγένετο
819 1471 872 1534 ἐπὶ
895 1470 1053 1547 Ὑρκανοῦ
1069 1469 1242 1549 άρχιερέως
1257 1474 1307 1536 καὶ
1321 1475 1490 1552 ἐθνάρχου,

345 1574 438 1639 ἔτους
462 1577 579 1641 ἐνάτου
605 1577 703 1654 μηνὸς
726 1576 889 1652 Πανέμου,
914 1595 994 1657 (puae
1019 1595 1116 1657 quam
1140 1575 1181 1639 ab
1205 1575 1267 1641 hoc
1290 1577 1362 1644 loco
1386 1578 1493 1644 aliena

345 1680 390 1744 sit
411 1682 523 1746 multis
548 1682 656 1745 verbis
680 1680 793 1745 docere
817 1680 882 1743 iam
896 1701 963 1744 non
976 1680 1104 1762 attinet.
1140 1679 1209 1746 Nec
1223 1681 1386 1749 difficilior
1401 1684 1495 1750 credo

346 1785 484 1871 legitimi
507 1788 570 1852 loci
604 1793 655 1851 eat
686 1785 863 1870 indagatio,
896 1806 968 1849 cum
997 1785 1149 1850 mutilum
1176 1788 1262 1871 quod
1290 1789 1497 1874 subsequitur

347 1891 478 1977 ignotae
503 1893 640 1958 alicuius
670 1891 812 1956 civitatis
840 1890 1018 1975 decretum,
1049 1890 1084 1954 in
1106 1889 1253 1975 Hyrcani
1275 1893 1308 1958 Π
1339 1893 1495 1962 honorem

345 1998 468 2064 factum
491 2001 535 2064 sit
558 2005 591 2064 et
614 2000 722 2083 ipsum
746 1998 815 2063 sine
840 1997 937 2063 dubio
960 1995 1102 2061 Panemo
1126 1995 1278 2086 mense2).

419 2190 438 2257 ¹)
468 2192 539 2244 Inter
564 2209 608 2245 res
638 2193 722 2260 Syrus
750 2189 824 2259 quod
854 2189 920 2242 item
952 2187 1071 2242 totidem
1103 2187 1206 2243 litteris
1236 2189 1356 2258 Syriacis
1388 2193 1493 2247 ὕπατος

344 2261 497 2325 transtulit,
519 2209 717 2332 i‘liupataos'),
732 2260 803 2315 nihil
822 2259 859 2314 ad
878 2277 945 2318 rem.
965 2276 1027 2312 cum
1047 2259 1182 2313 Graecam
1206 2259 1254 2314 illc
1273 2262 1494 2328 translationem,

345 2349 400 2384 non
419 2331 572 2401 genuinum
602 2334 760 2402 exemplum
780 2331 950 2385 Hebraicuur
977 2334 1038 2383 tum
1066 2330 1121 2384 iam
1150 2330 1328 2400 deperditum
1355 2337 1494 2401 sequatur.

345 2401 402 2455 Nee
423 2403 512 2472 magis
532 2421 598 2458 euro
619 2404 762 2457 consulem
780 2400 973 2455 translationis
991 2399 1108 2455 Latinae
1128 2401 1248 2470 losephi
1268 2419 1332 2455 ema
1350 2402 1432 2472 plana
1446 2421 1493 2473 ge-

344 2472 421 2525 mino
439 2474 601 2528 vertendi
629 2490 744 2529 errore
765 2473 828 2526 Xlll
848 2479 872 2535 9,
893 2479 908 2525 ·2
927 2471 1049 2525 Fannius
1077 2474 1243 2539 στρατηγός,
1272 2471 1307 2526 da
1330 2489 1385 2541 quo
1411 2490 1494 2529 nemo

345 2543 463 2608 dubitat,
483 2545 591 2615 etipse
610 2545 670 2599 illic
692 2544 812 2598 ‘consul'
833 2542 951 2596 dicatur.

418 2613 438 2683 ²)
458 2615 585 2669 Gratiam
604 2616 727 2684 aliquam
748 2633 764 2667 a
783 2613 941 2683 legentibus
960 2612 1094 2666 initurum
1108 2628 1152 2665 me
1167 2629 1249 2681 spero
1264 2613 1317 2668 hcc
1332 2613 1394 2668 loco
1409 2632 1493 2683 qnam

347 2685 465 2738 inaxime
485 2693 665 2741 controverso
693 2704 756 2738 cnm
785 2683 982 2754 probabilitate
1010 2681 1149 2752 expedito.
1190 2683 1380 2738 Discernenda
1406 2685 1494 2756 igitur

346 2760 411 2809 sunt
428 2755 483 2810 duo
502 2757 629 2811 decreta:
649 2760 677 2810 et
696 2757 809 2824 ignotae
823 2754 899 2808 itlius
914 2753 1035 2808 civitatis
1050 2756 1080 2806 et
1093 2753 1307 2808 Atheniensium
1321 2754 1388 2810 illuc
1403 2759 1491 2810 trans-

346 2826 468 2881 missam.
506 2828 579 2880 Nam
598 2830 641 2881 ἐπὶ
660 2830 822 2894 πρυτάνεως
842 2829 885 2879 καί
914 2826 1007 2891 ἱερέως
1027 2823 1179 2877 Διονυσίου
1206 2830 1258 2878 τοῦ
1280 2827 1489 2893 Ἀσκληπιάδου,

345 2900 431 2962 μηνὸς
448 2898 580 2963 Πανέμου
602 2898 656 2963 ivel
676 2897 769 2966 potius
787 2898 936 2962 Πανήμου,
956 2895 990 2949 el.
1010 2892 1164 2946 Abrensius
1185 2894 1253 2948 Mus.
1266 2896 1354 2950 Rhea.
1374 2900 1394 2952 t.
1414 2897 1491 2952 xt'll

346 2986 371 3036 p.
391 2974 442 3021 339
470 2969 533 3023 adn.
558 2975 585 3023 n
614 2971 723 3037 πέμπτῃ
756 2970 897 3032 ἀπιόντος,
925 2968 1047 3031 ἀπεδόθη
1076 2970 1134 3018 τοῖς
1166 2973 1333 3031 στρατηγοῖς
1360 2971 1491 3036 ψήφισμα

348 3040 501 3104 Ἀθηναίων
525 3040 631 3092 factum
651 3039 808 3108 Agathocle
836 3036 969 3090 archonte
990 3034 1174 3103 Munychionc
1203 3053 1296 3091 menae
1326 3038 1493 3107 ingratiam

345 3108 465 3176 Hyrcani
484 3109 637 3163 Alexandri
656 3112 675 3163 t'.
695 3110 724 3177 qi.
744 3128 767 3163 a.
787 3107 955 3175 secundi),
975 3107 1122 3172 ἀρχιερέως
1141 3110 1185 3160 καί
1204 3109 1341 3175 ἐθνάρχου
1355 3115 1413 3163 τῶν
1430 3111 1491 3164 Ἰου-

345 3181 440 3233 δαίων,
477 3181 530 3234 Hic
550 3186 645 3234 autem
664 3180 723 3249 ipae
742 3178 913 3247 Agathoclea
941 3179 1111 3230 memoratur
1138 3177 1167 3230 in
1194 3177 1278 3232 titulo
1298 3179 1392 3233 Attico
1420 3197 1493 3236 anno

350 3257 416 3304 1860
435 3251 553 3304 Athenis
573 3257 684 3321 ιορκιδο
703 3250 834 3318 ικίἰίοηιιο
854 3268 871 3302 ιι
889 3246 1053 3301 Kumanudc
1073 3247 1101 3300 in
1121 3248 1280 3301 l‘lriliston's
1298 3250 1353 3304 vol.
1374 3251 1492 3316 ltAthe-

346 3320 388 3373 nis
410 3328 487 3376 tacti
508 3323 575 3375 fase.
598 3332 683 3387 1-·.’‚
703 3322 784 3375 inser.
802 3330 824 3378 1.
844 3329 869 3378 l:
890 3319 961 3372 unde
981 3317 1199 3382 Gerasi-liminius,
1218 3318 1266 3387 qni
1284 3319 1361 3373 illins
1379 3320 1434 3373 lcei
1449 3339 1493 3375 me

345 3391 498 3452 ιιςίιιιυιιυιδ,
518 3392 610 3462 ipsum
631 3392 736 3445 decreti
755 3390 900 3444 rexordimn
919 3387 1074 3441 certissime
1094 3387 1132 3441 sie
1157 3389 1293 3459 seriptum
1315 3389 1401 3443 tuisse
1424 3390 1493 3444 mihi

347 3461 527 3529 significarit:
557 3465 650 3532 [θεοὶ-
674 3465 774 3530 Ἀχαθῇ
794 3461 888 3529 τύχη]
924 3460 979 3512 Ἐπί
1000 3460 1198 3522 Ἀγαθοκλέους
1217 3463 1352 3527 άρχοντος
1371 3461 1427 3530 [ἐπί
1442 3466 1492 3526 τῆς

345 3533 535 3598 Πτολεμαΐδος
555 3537 672 3600 δεκάτης
686 3534 852 3600 πρυτανείας
872 3531 902 3600 η]
913 3530 1015 3594 Εὺκλης
1029 3531 1194 3596 Μενάνδρου
1211 3533 1380 3595 Ἀλιμούσιος
1394 3533 1493 3597 ἐγραμ-

346 3605 446 3666 μάτευε
468 3609 522 3656 κτλ.
562 3605 672 3673 Quippe
697 3602 861 3671 Agathoclis
884 3618 986 3654 mmmn
1012 3598 1155 3668 vulgarem
1178 3600 1264 3652 irrisae
1288 3617 1342 3668 ηιιο
1361 3601 1493 3655 Aeantidi

345 3673 430 3727 tertia
450 3675 578 3742 prymiiia
597 3675 682 3728 tuerit
699 3671 922 3739 l'tolernnidiquo
942 3671 1058 3734 decima,
1077 3670 1177 3723 titulus
1197 3671 1257 3739 ipse
1276 3671 1358 3725 dccet
1381 3672 1490 3744 χθεο[1]·

346 3746 435 3812 ἀγαθῇ
454 3748 533 3812 τάχη.
574 3746 630 3798 Ἐπί
663 3746 860 3808 Ἀγαθοκλέους
888 3745 1058 3808 άρχονχτος),
1087 3743 1131 3793 έπΙ
1159 3745 1209 3806 τῆς
1228 3742 1370 3795 Αἰαντίδος
1397 3743 1492 3810 τρίτης

345 3817 533 3881 πρυ(ταν)είας
567 3822 644 3883 κτλ.).
683 3817 740 3868 lam
772 3814 859 3882 igitur·
887 3817 917 3865 ut
945 3830 1035 3865 ineam
1064 3810 1305 3865 ratiocinationem
1333 3829 1492 3895 persequar,

345 3885 456 3938 t'ortuna
483 3886 524 3939 ita
552 3886 628 3952 lusit,
657 3891 688 3939 ut
715 3886 857 3938 decretum
879 3882 1047 3936 Atheniense
1074 3884 1165 3935 totum
1195 3885 1363 3944 servaretur,
1392 3885 1492 3953 prioris

346 3954 415 4006 nihil
436 3955 488 4008 nisi
517 3957 639 4011 initium.
677 3955 866 4009 Nihilominus
895 3971 957 4006 carn
985 3952 1172 4006 certissimum
1200 3952 1237 4006 sit
1265 3958 1329 4022 post
1357 3956 1492 4009 άπόδοων

345 4023 422 4075 illam
433 4026 518 4079 etium
529 4047 544 4080 u
556 4028 671 4080 civitate
680 4027 730 4080 illa
740 4026 846 4080 sactum
856 4042 917 4079 esse
927 4023 1168 4092 aliquodPanemo
1177 4041 1270 4078 mense
1281 4024 1431 4093 decretum,
1437 4026 1491 4081 hue
