3690 5086
344 101 508 168 inficere
538 122 669 168 mores
701 101 834 166 conati
865 107 990 186 erant,
1020 103 1198 186 repetere
1235 96 1372 162 domos
1406 120 1494 165 suas

344 208 515 296 coegit¹).
551 208 697 275 Dubium
721 212 831 272 autem
853 231 919 274 non
947 214 998 274 est
1024 208 1101 293 quin
1124 205 1177 271 hic
1199 208 1349 270 tencatur
1372 203 1408 271 L.
1430 204 1494 271 Va·

343 316 441 381 lerius
464 315 614 399 Flaccus,
642 314 762 380 flamen
790 314 967 399 Martialis,
995 315 1049 399 qui
1074 337 1101 378 a.
1126 313 1263 396 caspar
1290 335 1363 377 cum
1386 311 1420 378 P.
1443 312 1495 378 Li-

344 423 429 487 cinio
454 421 574 488 Crasso
597 421 750 489 Muciano
774 420 888 485 consul
911 421 974 486 fnit
993 419 1073 507 (Cic.
1087 419 1169 485 Phil.
1184 418 1230 483 xl
1249 419 1313 504 18),
1337 423 1373 483 ut
1387 424 1495 485 octen-

344 530 434 594 nium
458 530 543 594 inter
565 532 755 614 praeturam
780 531 813 591 et
832 528 1038 592 consulatum
1062 526 1289 611 interpositum
1313 524 1452 614 fueriti).

433 635 534 701 Porro
567 634 654 720 quod
681 637 815 719 praetor
844 635 933 699 solus
961 634 1148 699 nominatur
1183 633 1413 717 consulumque
1440 655 1496 698 no·

346 744 436 808 mina
465 745 597 808 omnino
632 742 844 827 omittuntur,
884 741 980 827 plane
1012 741 1046 806 id
1077 740 1251 825 respondet
1282 739 1497 805 vetustiorum

345 850 495 917 Sctorum
526 847 763 915 consuetudini.
817 847 864 913 Ut
905 850 992 915 enim
1033 847 1236 913 discedamus
1278 845 1320 911 ab
1357 846 1499 930 epistula

345 958 513 1022 consulum
537 955 579 1020 ad
602 955 772 1020 Teuranos
797 954 835 1019 de
860 953 1133 1038 Bacchanalibus,
1162 953 1252 1017 cuius
1283 953 1497 1036 praescriptio

346 1084 384 1126 ex
408 1063 483 1128 Scto
507 1060 593 1148 quod
617 1065 838 1126 antecesserat
863 1061 1035 1146 desumpta
1048 1060 1091 1148 (v.
1105 1061 1327 1125 Mommsenus
1342 1057 1378 1124 C.
1392 1060 1417 1123 l.
1431 1057 1467 1123 h.
1482 1059 1497 1123 Ι

346 1191 376 1252 p.
391 1170 448 1252 44)
471 1170 560 1255 ipsos
585 1170 736 1234 consules
771 1172 919 1234 senatum
953 1168 1154 1234 consuluisse
1186 1167 1294 1250 docet,
1325 1167 1421 1250 plane
1445 1188 1497 1252 ge·

347 1275 435 1339 ruina
463 1280 540 1340 sunt
571 1275 705 1341 exordia
733 1274 884 1341 Sctormn
914 1276 952 1340 dc
980 1274 1165 1339 Thisbacis:
1204 1273 1334 1338 Κόιντο(
1363 1275 1498 1339 Μαίνιοε

347 1382 443 1447 Τίτου
468 1383 535 1448 noc
559 1384 741 1462 στρατηγὸε
765 1389 802 1465 τῇ
833 1385 1002 1465 συνκλήτῳ
1031 1381 1315 1459 συνεβουλεύσατο
1342 1381 1379 1446 ἐν
1407 1400 1498 1459 κομε-

347 1490 404 1572 τίῳ
428 1472 491 1567 tipo
514 1491 674 1568 ἡμερίῶίν
698 1488 780 1551 ἑπτὰ
795 1489 911 1551 εἰδυῶν
927 1487 1151 1565 Ὀκτωμβρίων
1174 1487 1207 1550 et
1229 1485 1364 1550 alterius
1387 1486 1429 1550 ab
1447 1484 1498 1550 Io-

348 1595 449 1678 sepho
474 1595 568 1659 relati
592 1593 672 1657 XIII
696 1597 726 1674 u,
752 1593 785 1656 2:
823 1593 943 1658 Φάνιοε
968 1592 1103 1669 Μάρκου
1127 1592 1195 1656 olor
1219 1593 1400 1671 στρατηγὸε
1425 1597 1498 1671 βου-

348 1705 407 1779 λὴν
431 1704 594 1780 συνήγαγε
620 1700 685 1778 πρὸ
710 1699 794 1760 ὀκτὼ
819 1699 915 1762 εἰδῶν
934 1697 1164 1778 Φεβρουαρίων
1188 1699 1224 1762 ἐν
1244 1695 1423 1784 Κομιτίῳθ),
1446 1696 1498 1762 de-

347 1808 443 1890 niqne
467 1807 626 1890 epistulae
652 1804 686 1869 L.
702 1803 844 1867 Ihrnelii
870 1804 1031 1887 praetoris
1046 1803 1087 1868 ad
1101 1803 1253 1869 Tiburtes
1268 1803 1364 1869 datae
1388 1804 1498 1889 paullo

349 1920 423 1976 ante
438 1935 466 1976 a.
480 1912 632 1995 assuas,
651 1911 742 1975 cuius
759 1911 973 1995 praescriptio
999 1911 1070 1994 ipsa
1088 1933 1215 1996 quoque
1229 1934 1268 1976 ex
1283 1908 1359 1976 Scto
1374 1914 1501 1975 retenta

348 2023 399 2081 est
412 2014 462 2102 (C.
476 2019 501 2082 Ι.
515 2016 551 2082 L.
565 2016 580 2080 l
595 2039 626 2101 p.
644 2016 731 2101 108).
763 2014 887 2079 Deinde
912 2017 1011 2081 verbo
1035 2016 1199 2101 tangenda
1220 2022 1297 2082 sunt
1319 2038 1500 2103 cognomen

349 2130 381 2188 et
395 2126 499 2189 tribus
515 2123 676 2209 praetoris
692 2123 824 2206 omissa,
839 2123 945 2186 tribus
961 2123 1094 2188 testium
1109 2124 1288 2189 nominata.
1310 2122 1501 2209 Disputavit

349 2231 387 2295 de
402 2254 440 2296 ea
456 2255 488 2295 re
503 2231 684 2295 luculenter
695 2228 874 2293 Foncartus
890 2253 920 2314 p.
931 2231 974 2294 ⁶23
985 2253 1063 2314 sqq„
1078 2252 1173 2314 quem
1188 2235 1316 2296 secutus
1326 2229 1500 2296 Mommse-

348 2360 410 2400 uus
434 2337 558 2422 epham.
581 2337 683 2420 epigr.
707 2359 738 2420 p.
761 2335 826 2399 989
851 2335 1008 2419 quaedam
1035 2358 1155 2420 eorum,
1178 2359 1261 2421 quae
1286 2341 1360 2401 aute
1393 2359 1500 2421 raper-

349 2449 418 2506 tunr
443 2442 482 2505 de
505 2443 678 2508 Thisbaeis
709 2441 820 2506 Sctnur
851 2443 1027 2526 scripserat
1050 2445 1163 2530 (roem.
1186 2442 1317 2509 Forsch.
1340 2443 1354 2506 Ι
1378 2466 1409 2528 p.
1432 2441 1501 2528 47),

350 2549 420 2631 ipse
453 2550 652 2613 retractavit.
708 2547 965 2630 llistiuguuntur
1002 2549 1103 2634 igitur
1134 2551 1346 2635 magistratus
1380 2554 1413 2614 et
1445 2549 1499 2634 qui

351 2655 519 2719 scribendo
552 2654 726 2719 adfuerunt
758 2659 939 2718 senatores:
977 2655 1108 2720 illorum
1140 2655 1181 2721 ad
1209 2655 1376 2721 Sullanam
1401 2678 1500 2739 usque

351 2768 491 2825 aetatem
514 2783 572 2825 nec
595 2759 737 2845 tribus⁴)
768 2782 827 2824 nee
860 2761 1055 2847 cognomina
1088 2761 1262 2845 adduntur,
1293 2763 1411 2828 horum
1434 2762 1499 2845 pri-

354 2905 564 2914 ———-——-—

352 2990 476 3059 luppiter
495 2989 637 3054 Sabazius,
657 2988 705 3042 sed
727 2989 836 3070 ‘weges
855 2989 904 3042 des
923 2990 1069 3057 Auklangs
1087 3007 1123 3043 an
1138 2989 1271 3055 Sabbath,
1287 2989 1410 3043 Sabaoth
1430 2989 1502 3044 bielt

352 3078 417 3114 man
436 3061 530 3114 diesen
541 3062 610 3114 llott
627 3060 689 3113 iuer
706 3059 845 3112 identrsch
865 3059 990 3112 rnitdern
1004 3061 1053 3113 der
1068 3061 1161 3123 ludcn,
1180 3061 1286 3114 sowobl
1305 3061 1334 3114 in
1349 3060 1499 3116 Griechan-

352 3131 419 3184 laud
443 3133 484 3184 als
508 3132 537 3185 iu
557 3132 639 3196 ltorn,
665 3131 738 3184 Pha.
758 3133 865 3199 quaest
886 3131 993 3185 convir.
1014 3139 1038 3195 4,
1058 3137 1082 3197 6,
1103 3138 1132 3197 ‘23
1168 3131 1258 3186 Valer.
1280 3133 1299 3196 ί,
1318 3139 1343 3198 3,
1363 3132 1391 3185 3'
1412 3132 1500 3201 (Prel-

355 3203 427 3255 lenrs
449 3203 562 3269 mythol.
583 3204 629 3255 llr.
650 3203 675 3255 1³
692 3220 720 3272 p,
737 3207 788 3254 549
807 3200 871 3254 adn.
891 3205 928 3269 3.)

429 3274 446 3339 ¹)
469 3273 586 3342 Egregie
612 3273 667 3326 uisi
692 3272 777 3325 t'allor
805 3271 858 3324 hoc
887 3271 949 3325 loco
977 3289 1065 3326 annus
1085 3290 1102 3326 a
1120 3289 1164 3326 rue
1184 3273 1292 3342 positus
1311 3274 1500 3331 confirmatur.

354 3344 463 3412 Quippe
483 3345 568 3413 legati
587 3343 630 3397 illi
649 3345 694 3396 vel
714 3342 808 3412 potins
827 3343 945 3397 conritcs
968 3361 1064 3397 eorum
1091 3361 1154 3396 suos
1179 3345 1248 3398 ritus
1273 3345 1378 3400 ltornae
1397 3346 1499 3400 inferre

353 3414 445 3467 consui
465 3414 594 3468 videntur
612 3414 731 3483 ideoque
751 3414 850 3468 collem
869 3432 942 3468 anuo
961 3414 1057 3468 statim
1067 3419 1131 3484 post
1149 3421 1277 3469 senatum
1296 3416 1392 3471 datum
1412 3419 1502 3472 anricc

353 3486 393 3538 eis
413 3485 588 3548 sirrrdcbatur,
606 3489 638 3538 ut
659 3485 769 3538 ‘domos
789 3502 853 3538 snas
872 3485 1050 3556 repeterent!

427 3558 447 3624 ί)
467 3556 630 3610 Interiuetos
648 3561 693 3609 tot
711 3556 785 3609 inter
803 3560 951 3626 utrumque
975 3555 1171 3625 magisturtnur
1194 3575 1281 3612 annos
1304 3557 1376 3613 nibil
1398 3558 1506 3612 habere

354 3627 495 3694 singulare
514 3632 557 3681 sut-
571 3632 669 3680 notum
689 3632 745 3680 est:
765 3626 800 3680 cf.
812 3645 837 3681 ν.
849 3644 872 3680 e.
892 3626 1080 3698 Nipperdeins
1101 3627 1157 3681 ‘dic
1177 3629 1253 3698 leges
1272 3629 1398 3684 uunalcs’
1416 3629 1504 3698 ships.

357 3706 435 3751 labo
469 3719 484 3752 1.
500 3706 542 3753 63.

427 3717 572 3836 ί)13υίυιυ
596 3769 630 3822 de
654 3767 833 3838 philosophis
862 3773 890 3822 ct
918 3769 1076 3823 rhetoribus
1100 3787 1124 3825 a.
1144 3777 1257 3836 ο63,’1σ1
1279 3788 1296 3825 a
1316 3771 1449 3825 Suetonio
1469 3771 1504 3825 da

356 3839 457 3892 rhetor.
477 3848 486 3892 1
509 3840 591 3907 (Geli.
607 3839 658 3892 XV
676 3849 716 3903 11,
734 3844 759 3908 1)
780 3839 900 3893 relatum
920 3840 1048 3894 consulto
1068 3839 1159 3893 omisi.

429 3911 449 3973 ⁴)
471 3910 555 3962 llecte
575 3909 648 3962 enirn
669 3909 860 3962 blommseuus
879 3909 1097 3978 Wnddingtonis
1116 3928 1146 3962 su
1158 3910 1341 3979 rplcrnontnm
1360 3928 1400 3963 vs.
1416 3917 1431 3964 2
1447 3911 1505 3964 acti

356 3978 390 4027 uo
411 3979 604 4031 Prienensibus
623 3982 652 4031 ct
672 3979 774 4032 Samiis
794 3979 834 4047 pb.
855 3981 874 4033 l.
895 3980 941 4034 Gr.
965 3982 986 4034 ll
1006 3999 1032 4033 n.
1052 3985 1134 4043 29011,
1149 3928 1243 4033 habas
1266 3985 1295 4034 et
1313 3979 1505 4047 Waddhrgtou

356 4046 392 4098 lll
414 4065 439 4099 n.
461 4055 633 4111 1911-1981,
664 4049 812 4116 probatum
843 4049 869 4101 id
899 4050 1035 4102 I'oucarto
1064 4066 1186 4116 qnoque:
1216 4051 1344 4116 (tpouror
1371 4051 1505 4101 Φόλουιο(

411 4134 574 4175 hlendelssohn.
1276 4143 1291 4187 3
