3690 5086
1451 424 1493 490 37

345 591 539 676 moderatur,
553 613 664 657 mense
678 589 786 676 Aprili
802 614 830 656 a.
848 591 933 657 1870
952 588 1077 673 reliqui,
1096 586 1289 676 Gottingam
1304 611 1355 655 me
1370 588 1494 655 contuli

344 698 543 784 philologiae
571 701 604 763 et
631 698 790 764 historiae
823 697 938 762 studiis
973 717 1107 780 operam
1135 694 1279 761 daturus.
1330 693 1419 772 Quae
1447 695 1493 760 ibi

344 827 395 868 me
419 804 595 870 docuerunt
615 803 787 890 Sauppiua,
806 803 1009 879 Leutsc-hius,
1027 801 1309 888 Wachsmuthius,
1322 801 1494 885 Waitzius,

344 910 536 996 Lagardius‚
559 910 777 995 Bertheauus‚
800 910 978 995 Benfeyus,
1001 907 1195 996 Stumpfius,
1218 911 1280 975 viri
1304 910 1426 994 eximii,
1454 932 1494 975 ex

345 1019 460 1104 quibus
484 1041 535 1083 me
559 1018 786 1083 benevolentia
809 1041 869 1082 sua
886 1018 1025 1083 maxime
1045 1017 1108 1081 sibi
1128 1017 1373 1082 obstrinxerunt
1392 1015 1494 1101 Saup-

344 1125 418 1209 pins
437 1129 469 1190 et
487 1123 766 1190 Wachsmuthius.
789 1124 867 1189 lnde
891 1123 1038 1208 Lipsiam
1061 1145 1171 1189 mense
1196 1121 1329 1188 Octobri
1353 1146 1383 1189 a.
1409 1125 1492 1190 1871

344 1231 509 1316 profectus
543 1234 575 1295 et
608 1229 729 1296 scholis
762 1231 900 1315 publicis
933 1232 966 1294 et
1002 1251 1041 1294 ex
1077 1233 1171 1313 parte
1205 1228 1493 1295 exercitationibus

344 1338 480 1422 privatis
504 1335 637 1402 interfui
662 1334 840 1420 Ritschelii,
864 1333 980 1421 Curtii,
999 1335 1125 1422 Langii,
1143 1334 1336 1422 Ecksteinii‚
1357 1336 1494 1423 Voigtii,

345 1467 481 1530 quorum
504 1444 648 1508 virorum
672 1442 817 1508 omniurn
841 1465 916 1508 cara
939 1443 1112 1508 admodum
1140 1442 1222 1507 mihi
1250 1449 1301 1508 est
1328 1444 1495 1510 memoria.

344 1550 497 1635 Inprimis
520 1572 597 1615 vero
622 1550 748 1636 gratiae
772 1573 792 1614 a
815 1573 866 1614 me
889 1551 1032 1636 agendae
1061 1553 1137 1615 sunt
1166 1573 1241 1616 cum
1268 1549 1394 1638 Langio
1424 1556 1494 1617 turn

345 1657 534 1740 Ritsehelio,
557 1657 612 1741 qui
635 1661 668 1721 et
691 1661 798 1722 cetera
822 1657 929 1723 studia
953 1680 1025 1723 mea
1048 1658 1137 1723 omni
1160 1657 1364 1746 benignitate
1383 1679 1494 1744 prose·

346 1765 412 1829 euti
441 1767 516 1828 sunt
543 1768 576 1828 et
605 1764 639 1828 in
666 1763 728 1829 hac
756 1764 827 1848 ipsa
858 1765 1143 1848 commentatione,
1172 1765 1263 1830 cuins
1287 1767 1401 1830 auctor
1424 1763 1495 1829 Rit-

347 1871 485 1937 schelius
506 1871 637 1936 omnino
657 1869 728 1950 fnit,
752 1871 985 1936 conscribenda
1004 1891 1200 1956 magnopere
1225 1893 1275 1936 me
1294 1870 1495 1938 adiuverunt.

346 1977 491 2062 Denique
528 1982 641 2062 gratus
679 1977 805 2041 animus
843 1977 1065 2042 testificandus
1103 1981 1154 2041 est
1186 1974 1325 2042 Ludolfo
1358 1976 1493 2043 Krehlio

346 2082 507 2167 Lipsiensi
529 2088 563 2148 et
584 2082 720 2148 Alfredo
744 2083 782 2147 de
803 2083 995 2148 Gutschmid
1017 2105 1120 2167 nuper
1138 2081 1331 2166 Kiloniensi.
1354 2105 1492 2167 quornm

346 2189 400 2254 ille
419 2189 592 2255 Leidenses
610 2189 742 2274 losephi
762 2189 889 2255 codices
912 2190 946 2254 in
964 2211 1041 2253 usus
1061 2209 1152 2253 meos
1172 2210 1192 2252 a
1210 2189 1494 2255 conservatoribus

346 2295 432 2360 illius
464 2295 684 2361 bibliothecae
716 2296 921 2380 impetravit,
958 2295 1010 2361 hio
1042 2295 1206 2379 permulta
1237 2294 1402 2379 praeclare
1434 2319 1494 2382 pro

347 2425 472 2467 summo
497 2426 556 2468 suo
581 2403 728 2469 acumine
752 2426 790 2468 ao
817 2402 966 2469 doctrina
995 2425 1015 2466 a
1046 2423 1079 2465 se
1110 2400 1244 2466 inventa
1266 2400 1494 2468 liberalissimo

346 2532 471 2575 mecum
494 2511 754 2596 communicavit,
778 2532 859 2595 quae
888 2515 921 2575 et
949 2509 984 2573 in
1005 2508 1067 2573 hac
1095 2512 1129 2573 et
1156 2508 1191 2572 in
1213 2508 1346 2594 reliquis
1366 2508 1493 2595 opellae

346 2638 436 2683 nicae
458 2618 606 2703 partibus
631 2638 750 2704 magno
775 2616 857 2681 mihi
880 2615 952 2681 usui
975 2617 1114 2681 luerunt.
