3690 5086
343 474 385 537 22

344 657 449 716 τερον,
469 639 693 718 ἐξενολόγησα
714 640 749 702 δὲ
769 642 889 719 πλῆθο(
909 639 1077 718 δυνάμεων
1091 643 1142 706 καὶ
1161 642 1385 708 κατεσκεύασα
1400 644 1499 707 πλοῖα

347 743 516 821 πολεμικά,
545 745 575 806 4.
602 744 756 822 βούλομαι
786 746 821 808 δέ
845 745 971 824 ἐκβῆναι
996 747 1076 811 κατά
1098 751 1157 827 τὴν
1181 750 1291 826 χώραν
1314 747 1403 813 όπω(
1426 770 1497 827 μετ-

345 851 431 914 έλθω
454 851 530 913 τοὺ(
561 849 823 929 κατεφθαρκότα(
850 852 908 929 τὴν
936 851 1046 930 χώραν
1073 854 1164 932 ὴμών
1193 856 1242 918 καὶ
1272 856 1346 919 τοὺ(
1374 856 1498 934 ἠρημω·

345 956 441 1020 κότα(
466 956 577 1021 πόλει(
602 956 726 1021 πολλὰ(
745 957 781 1020 ἐν
799 962 837 1040 τῇ
858 957 1016 1038 βασιλείᾳ·
1040 958 1069 1021 5.
1094 964 1164 1024 νῡν
1188 962 1256 1026 οὐν
1278 961 1408 1039 ἵστημί
1435 977 1498 1025 σοι

345 1061 470 1126 πάντα
494 1061 538 1126 τά
562 1061 807 1140 άφαιρέματα
829 1062 849 1124 ά
873 1061 1023 1142 άφῆκάν
1043 1081 1106 1129 σοι
1130 1068 1165 1130 οἱ
1190 1069 1261 1146 πρὸ
1281 1069 1374 1144 ἐμοῦ
1395 1072 1498 1147 βασι-

346 1172 426 1235 λεῑ(
450 1171 509 1234 καὶ
528 1168 603 1234 ὅσα
623 1167 721 1231 ἄλλα
740 1167 884 1245 δόματα
903 1168 1054 1247 άφῆκάν
1077 1187 1149 1236 σοι.
1174 1174 1203 1236 8.
1228 1174 1287 1237 καὶ
1307 1173 1501 1253 ἐπέτρεψα

345 1294 408 1342 σοι
440 1280 600 1357 ποιῆσαι
632 1274 754 1351 κόμμα
783 1272 883 1339 ἴδιον
912 1273 1079 1352 νόμισμα
1114 1285 1156 1361 τῇ
1190 1281 1294 1360 χώρᾳ
1323 1276 1437 1365 σου,“)
1471 1281 1500 1347 i.

344 1370 598 1463 Ἰερουσαλὴμ
622 1382 662 1445 δέ
687 1381 748 1444 καὶ
771 1381 814 1444 τά
837 1379 925 1455 ἅγια
949 1378 1046 1445 εἶναι
1070 1385 1264 1464 ἐλεύθερα·
1292 1388 1353 1451 καὶ
1378 1386 1501 1452 πάντα

349 1490 392 1554 τά
415 1490 515 1554 ὅπλα
539 1488 614 1554 ὅσα
638 1487 928 1553 κατεσκεύασα(
956 1488 1018 1550 καὶ
1046 1488 1090 1552 τά
1113 1490 1344 1571 ὀχυρώματα
1367 1494 1388 1557 ά
1412 1497 1499 1575 ᾠκο-

347 1597 520 1677 δόμησα(
551 1593 604 1658 ών
635 1597 800 1672 κρατεῑε,
832 1595 976 1669 μενέτω
1011 1610 1090 1658 σοι·
1135 1598 1162 1659 8.
1192 1599 1251 1661 καὶ
1288 1603 1361 1662 πάν
1397 1601 1500 1680 ὀφεί-

347 1707 445 1783 λημα
471 1701 675 1781 βασιλικόν
699 1701 759 1763 καὶ
784 1701 827 1762 τά
850 1699 1017 1776 ἐσόμενα
1043 1704 1221 1780 βασιλικά
1244 1704 1319 1769 ono
1342 1711 1409 1772 τοῦ
1434 1711 1501 1771 νῦν

347 1810 405 1872 καὶ
434 1807 487 1872 εἰ(
516 1809 583 1871 τὸν
607 1807 759 1870 ἅπαντα
788 1804 931 1884 χρόνον
959 1808 1136 1887 άφιέσθω
1165 1823 1236 1873 σοι.
1275 1812 1305 1874 9.
1333 1814 1377 1876 ώ(
1406 1812 1435 1876 δ’
1461 1813 1501 1876 άν

348 1917 560 1994 κρατήσωμεν
584 1919 639 1991 τῆ(
671 1912 833 1992 βασιλεία(
862 1916 964 1991 ἡμών,
993 1911 1175 1991 δοξάσομεν
1200 1916 1239 1979 σέ
1268 1919 1320 1980 καὶ
1348 1921 1385 1983 τό
1409 1921 1501 1985 έθνο(

349 2037 411 2085 σου
439 2022 490 2083 καὶ
519 2021 556 2083 τὸ
585 2019 674 2096 ἱερὸν
703 2017 779 2100 δόξῃ
808 2016 942 2098 μεγάλῃ,
972 2017 1058 2082 ώστε
1088 2022 1235 2097 φανεράν
1263 2026 1417 2098 γενέσθαι
1444 2029 1502 2105 τὴν

349 2127 447 2190 δόξαν
478 2126 567 2204 ὑμών
599 2128 635 2189 έν
664 2123 753 2205 πάσῃ
782 2129 818 2207 τῇ
850 2129 897 2205 γῇ.
934 2159 973 2168 —-
1011 2124 1060 2188 10.
1084 2124 1193 2189 ἔτου(
1228 2131 1414 2209 τετάρτου
1444 2136 1502 2196 καὶ

350 2234 642 2313 ἐβδομηκοστοῡ
671 2231 730 2293 καὶ
758 2225 1005 2314 ἑκατοστοῡῆ
1029 2230 1161 2309 ἐξῆλθεν
1187 2232 1348 2313 Ἀντίοχο(
1376 2237 1421 2301 εἰ(
1445 2241 1503 2317 τὴν

350 2345 410 2419 γῆν
426 2340 575 2416 πατέρων
591 2338 691 2400 αὐτοῦ
711 2335 771 2400 κτέ.
803 2334 864 2399 Uhi
889 2356 956 2398 rom
981 2337 1048 2399 torn
1073 2335 1210 2401 feliciter
1231 2340 1343 2424 gessit,
1366 2345 1404 2406 nt
1422 2342 1503 2428 Try·

349 2446 500 2530 phonem,
524 2467 541 2508 a
567 2466 630 2527 qno
651 2443 795 2526 plerique
815 2441 1025 2526 desciverant,
1049 2441 1082 2504 in
1101 2440 1223 2508 Doram
1248 2446 1404 2530 oppidum
1428 2471 1502 2514 mox

351 2551 559 2635 compelleret
576 2549 811 2633 obsideretqne.
835 2547 884 2612 Eo
904 2552 1011 2614 antem
1031 2549 1103 2632 ipso
1124 2553 1281 2635 ternpore,
1300 2553 1375 2619 dum
1391 2556 1504 2620 urbem

351 2658 519 2724 obsidione
543 2655 656 2740 cingit,
681 2678 725 2719 vs,
752 2656 808 2718 15:
837 2657 926 2735 ἠλθε
952 2657 1165 2734 Νουμήνιο(
1188 2659 1247 2722 καὶ
1271 2660 1307 2723 οἱ
1331 2661 1420 2740 παρ’
1443 2663 1502 2727 αὐ-

351 2770 419 2830 τοῦ
443 2766 482 2829 ἐκ
503 2764 648 2840 Ῥώμη(
672 2761 829 2837 ἔχοντε(
854 2761 1061 2827 ἐπιστολά(
1092 2767 1171 2826 τοῑ(
1209 2769 1414 2842 βασιλεῦσι
1445 2771 1504 2833 καὶ

352 2876 434 2935 ταῑ(
468 2868 624 2948 χώραιε,
663 2888 797 2948 quarum
832 2867 958 2951 quidem
992 2867 1174 2933 litterarum
1208 2869 1349 2936 Romani
1380 2872 1504 2940 Simoni

353 2974 578 3062 apographum
604 2973 771 3036 miserunt.

443 3082 505 3147 Hic-
521 3085 627 3145 autern
645 3079 823 3164 paullisper
839 3080 930 3144 nohis
946 3079 1187 3145 aulisistenthnn
1202 3087 1261 3165 est,
1276 3106 1315 3148 ne
1330 3087 1505 3170 Iosephnm

355 3191 450 3273 plane
470 3188 621 3252 omittere
645 3187 820 3251 videamur.
850 3185 919 3250 [hro
944 3191 1051 3250 tamen
1075 3210 1094 3250 a
1117 3188 1301 3271 legentibus
1324 3192 1426 3257 teneri
1451 3216 1506 3258 ro-

355 3297 474 3360 lnmus:
488 3295 617 3358 litteras
634 3293 706 3357 illas
727 3316 745 3356 a
761 3297 874 3356 senatu
890 3292 982 3356 datas
1001 3315 1072 3356 esse
1091 3295 1226 3359 nuntio
1246 3295 1288 3358 (le
1308 3294 1504 3363 Demetrio

357 3408 471 3486 capto
495 3400 659 3466 nondum
685 3399 815 3464 adlato
834 3399 888 3485 (of.
903 3423 948 3463 ra
963 3396 1128 3484 22)1nn0t
1129 3399 1277 3484 uisseque
1296 3399 1422 3468 Simoni
1440 3404 1505 3468 An·

356 3509 539 3591 tioehoqne‚
564 3529 637 3571 oum
660 3506 713 3602 hio
733 3505 855 3571 Dorarn
879 3504 1075 3569 obsidere
1045 3527 1099 3568 rix
1118 3505 1319 3589 coepisset,¹
1311 3531 1330 3571 r.
1346 3531 1371 3574 e
1387 3510 1414 3574 si
1433 3534 1505 3594 pro-

358 3614 510 3680 habiliter
525 3591 727 3678 coniectandi
747 3613 879 3678 licentia
893 3611 996 3695 datur,
1016 3611 1139 3675 modio
1159 3611 1238 3675 fere
1258 3636 1356 3680 anno
1376 3638 1404 3679 a
1423 3615 1506 3682 Chr

357 3744 387 3785 n.
416 3723 499 3803 138,
524 3743 608 3784 anno
634 3742 698 3784 aer.
718 3718 779 3784 Sel.
803 3720 864 3783 175
887 3741 924 3782 or
949 3717 1163 3802 5C11p01lsi
1186 3718 1321 3786 [Maec.
1345 3724 1507 3806 computo,

358 3851 385 3892 a.
411 3829 472 3892 174
496 3851 534 3891 ex
559 3850 634 3892 aera
658 3826 785 3911 vulgari
809 3823 971 3891 Sirornm.

358 3963 571 3979 κ--ῳ--ἑ

435 4019 515 4087 ¹)Cs.
540 4020 615 4073 Low
641 4017 824 4073 Geschichte
849 4017 897 4071 dor
924 4016 1085 4070 inedischen
1110 4018 1258 4073 Mnenzen'
1281 4019 1317 4087 11
1319 4020 1405 4075 rotrsl
1428 4027 1506 4079 18821

358 4111 384 4160 p
405 4097 470 4145 38
459 4109 518 4158 s.qq
539 4100 566 4143 et
586 4075 707 4143 hinddon
727 4089 794 4143 ‘hist
783 4095 843 4156 toy
862 4090 894 4142 ot
905 4087 1007 4154 jeaish
1026 4088 1153 4157 coinage’
1175 4090 1305 4144 ‹Londini
1326 4096 1405 4145 18881
1422 4110 1449 4162 p.
1466 4101 1507 4155 111,

361 4161 408 4230 qni
426 4164 522 4215 tamen
541 4166 670 4229 tempora
689 4176 818 4240 perverso
838 4159 991 4213 constitnit

432 4231 633 4311 hNinnqnam
652 4230 722 4284 his
714 4248 743 4284 in
763 4230 844 4284 rebus
863 4231 964 4299 negleg
946 4230 1067 4283 ‘rendum
1092 4233 1134 4284 ost
1158 4230 1360 4309 scriptorem}
1380 4233 1400 4286 I.
1420 4233 1506 4290 hince.

359 4321 452 4357 aeram
477 4320 555 4356 anani
581 4302 702 4372 incipere
726 4319 744 4354 a
766 4300 891 4354 Nisane
911 4301 976 4355 anni
1000 4320 1025 4355 a.
1046 4301 1109 4354 Chr.
1129 4320 1154 4354 n.
1175 4308 1235 4363 31⁶2,
1255 4300 1295 4353 ita
1315 4306 1346 4353 nt
1366 4319 1412 4355 aex
1432 4322 1506 4358 mon·

360 4373 435 4426 aibns
450 4390 599 4456 praecurro
601 4374 780 4452 trulgarem.
801 4371 857 4424 lani
878 4390 940 4426 ium
959 4372 1066 4426 nummi
1085 4387 1195 4439 quoqne
1211 4342 1342 4424 Antiochi
1358 4372 1508 4430 exhibeant

360 4462 463 4524 annum
483 4445 583 4498 ΔΟΡ
577 4462 611 4495 ν.
622 4441 795 4497 Froelichius
815 4444 906 4497 annal.
926 4462 953 4513 p.
965 4450 1006 4500 89
1026 4440 1223 4496 Eolrhelinsd
1243 4459 1269 4494 n
1289 4442 1414 4521 t.1.11p
1435 4450 1507 4512 8381,

359 4515 376 4567 i.
401 4533 424 4570 o.
449 4532 482 4569 ex
507 4515 639 4581 Syrorum
667 4512 781 4567 calculis
809 4513 872 4568 inde
901 4515 937 4569 ab
961 4510 1101 4567 Octobri
1129 4527 1224 4564 mense
1248 4511 1314 4564 anni
1342 4528 1366 4567 8
1391 4513 1454 4570 Chr
1479 4535 1506 4574 n.

363 4591 596 4652 139-138,sane
616 4601 669 4654 ego
688 4600 798 4653 quoque
817 4601 920 4638 annum
941 4590 990 4637 138
1009 4579 1157 4650 posuerim
