3690 5086
343 399 385 460 24

343 562 443 642 sunt,
466 556 623 642 Iosephus
647 556 685 620 de
710 579 794 622 anno
818 557 948 641 quidem
972 559 1133 623 consentit
1156 557 1250 644 exul
1273 555 1353 644 όμλλε
1382 557 1489 635 Σίμων

342 666 378 729 δἐ
408 665 618 729 κατασταθεὶς
648 661 813 741 ἀρχιερεὺς
845 663 909 726 ὑπό
939 666 996 727 τοῦ
1028 667 1180 744 πλήθους,
1212 671 1256 748 τῷ
1285 664 1404 746 πρώτῳ
1435 667 1490 740 τῆς

343 770 582 849 ἀρχιερωσύνης
606 768 669 833 ἔτει
693 772 748 846 τῆς
767 767 831 831 ὑπό
850 768 1017 834 Μακεδόσι
1040 771 1188 835 δουλείας
1213 774 1268 836 τόν
1293 771 1373 835 λαὸν
1398 768 1490 846 ἠλευ·

343 880 496 956 θέρωσεν,
525 875 569 939 ὡς
598 876 703 953 μηκέτι
727 873 852 952 φόρους
877 873 986 938 αὐτοῖς
1010 878 1124 940 τελεῖν.
1149 879 1167 956 ἡ
1192 880 1226 942 δὲ
1252 874 1416 954 ἐλευθερία
1440 875 1491 938 καί

344 984 380 1048 τό
399 982 599 1061 ἀνείσφορον
619 979 785 1045 Ἰουδαίοις
808 979 887 1056 μετὰ
911 979 1129 1060 ἐβδομήκοντα
1152 985 1202 1047 καὶ
1226 985 1341 1048 ἑκατόν
1360 981 1416 1060 ἔτη
1434 986 1491 1060 τῆς

344 1088 523 1167 Ἀσσυρίων
553 1087 728 1168 βασιλείας,
756 1086 789 1150 ἐξ
818 1083 857 1149 οὗ
887 1085 1005 1164 χρόνου
1030 1087 1186 1153 Σέλευκοι
1215 1090 1233 1152 ό
1262 1089 1398 1166 νικάτωρ
1422 1087 1490 1152 ἐπι-

344 1197 467 1275 κληθείς
494 1196 631 1271 κατέσχε
661 1191 792 1269 Συρίαν,
824 1189 955 1269 ὑπῆρξε,
986 1194 1021 1254 at
1048 1192 1143 1275 plane
1172 1193 1267 1258 aliter
1296 1216 1347 1259 res
1381 1193 1491 1258 nectit.

344 1301 433 1367 Haec
452 1305 560 1365 autem
579 1296 797 1381 discrepantia
816 1294 899 1359 unde
918 1298 997 1359 nata
1021 1297 1093 1360 est?
1115 1295 1202 1362 Num
1227 1300 1314 1364 omni
1339 1323 1377 1364 ex
1398 1303 1491 1383 parte

345 1408 467 1474 fraudis
491 1404 743 1488 inscientiaeque
766 1402 820 1468 ille
845 1401 1065 1466 incusandus?

433 1513 526 1590 Quod
548 1516 584 1577 ut
606 1509 729 1595 liquido
753 1510 946 1592 exploretur,
970 1507 1202 1574 recordandum
1226 1515 1277 1576 est
1295 1535 1315 1576 a
1333 1513 1492 1596 scriptore

344 1621 365 1686 l.
396 1621 411 1686 Ι
442 1618 542 1684 Mace.
572 1615 727 1682 Antiochi
758 1636 870 1679 necem
913 1614 991 1698 poni
1034 1617 1109 1697 post
1150 1615 1320 1682 Ionatham
1363 1618 1492 1702 quidem

345 1734 488 1811 captum,
526 1730 564 1790 at
601 1729 688 1787 ante
720 1721 907 1785 Demetrii
940 1720 1225 1804 expeditionem
1257 1723 1493 1809 Parthicam,

345 1856 441 1919 quam
468 1833 502 1896 in
530 1855 558 1896 a.
587 1851 650 1894 aer.
679 1827 741 1893 Sel.
768 1828 830 1891 172
860 1827 1041 1892 collocavit.
1087 1825 1249 1894 Diodorus
1274 1836 1395 1915 antem,
1426 1831 1492 1916 Ap·

344 1942 474 2025 pianus,
504 1937 649 2002 lustinus
660 1934 683 2020 ¹)
713 1935 745 1997 in
775 1955 812 1998 eo
842 1954 912 1996 cum
936 1931 1077 2016 losepho
1105 1933 1241 2018 faciunt,
1269 1938 1355 2020 quod
1381 1960 1493 2004 necem

345 2046 497 2112 Antiochi
530 2069 548 2109 a
576 2041 752 2125 Tryphone
783 2041 948 2123 patratam
980 2043 1057 2122 post
1087 2041 1231 2106 amlitmn
1264 2044 1303 2108 de
1333 2041 1493 2108 Demetrii

345 2153 521 2218 infortunio
559 2147 721 2228 nuntium,
757 2145 777 2209 i.
805 2166 830 2209 e.
858 2145 892 2208 in
920 2166 1004 2210 anno
1033 2169 1062 2211 a.
1093 2145 1168 2211 Chr.
1196 2170 1225 2212 n.
1260 2149 1322 2212 132»
1352 2150 1404 2214 vel
1431 2152 1492 2217 138

346 2263 479 2343 ponunt,
502 2261 587 2319 recte
612 2254 681 2319 sine
704 2251 938 2333 controversia,
968 2250 1087 2336 quippe
1112 2255 1188 2317 tune
1211 2252 1313 2319 libero
1338 2254 1379 2319 ab
1404 2257 1492 2321 omni

347 2369 433 2430 metu
456 2361 640 2447 Tryphone.

435 2471 522 2547 Quae
550 2470 597 2533 ita
624 2488 693 2530 esse
720 2464 879 2549 Iosephus
908 2487 980 2529 cunr
1013 2464 1238 2550 intellexisset,
1270 2468 1423 2551 quoniam
1452 2470 1493 2535 ab

347 2577 449 2642 altera
476 2582 549 2640 utra
577 2577 669 2658 prurte
692 2571 889 2655 peccandum
913 2576 991 2654 erat,
1019 2569 1220 2637 Demetrium
1243 2578 1375 2659 captum
1402 2599 1493 2660 prae·

347 2683 445 2766 misit,
468 2681 632 2765 ceteroqui
657 2679 848 2763 scriptorem
873 2679 893 2743 l.
916 2676 1050 2743 Illaec.
1074 2678 1243 2767 secutus.²)
1285 2681 1356 2757 Quo
1384 2686 1495 2749 tamen

348 2788 454 2853 studio
478 2787 626 2851 veritatis
656 2810 693 2851 ex
722 2790 815 2869 parte
840 2786 956 2850 saltem
980 2786 1156 2850 servandae
1180 2810 1254 2852 mox
1278 2789 1325 2852 itn
1348 2789 1494 2856 irretitus

348 2894 602 2978 illaqueatusque
622 2899 680 2976 est,
705 2897 739 2956 ut
762 2915 828 2957 non
847 2896 959 2975 posset
981 2914 1048 2957 non
1065 2893 1206 2976 plurima
1225 2895 1330 2960 sciens
1351 2902 1494 2981 praeter·

421 3141 440 3206 ¹)
459 3138 573 3194 Dioelor.
588 3157 632 3207 up.
647 3136 812 3190 Muellerum
832 3137 861 3190 λ’,
877 3137 910 3190 ll.
926 3137 958 3190 G.
976 3138 1000 3189 ll
1019 3155 1045 3205 p.
1059 3136 1122 3189 xlx
1143 3155 1202 3204 sqq.
1223 3140 1253 3201 (t.
1268 3137 1293 3190 V
1308 3157 1334 3207 p.
1350 3146 1384 3193 82
1405 3141 1494 3205 Duru

351 3211 466 3281 Appiun.
492 3210 549 3277 Syr.
575 3228 597 3262 r.
618 3215 650 3263 σῖ
672 3208 734 3260 Bk:
765 3208 808 3261 tui
828 3225 857 3260 τε
876 3207 1054 3274 Παρθυαίους
1083 3211 1126 3260 καί
1153 3210 1199 3261 α’δε
1223 3211 1405 3277 (Δημήτριος)
1426 3215 1495 3274 μετὰ

347 3283 481 3335 Σέλευκον
496 3282 670 3346 ἐστράτευσε,
690 3282 734 3331 καί
753 3280 901 3343 γενόμενος
921 3278 1093 3344 αἰχμάλωτος
1108 3278 1214 3331 δίαιταν
1229 3281 1301 3344 εῖχεν
1316 3282 1346 3333 ἐν
1361 3283 1494 3348 Φραάτου

349 3353 488 3416 βασιλέως,
504 3356 546 3405 καί
564 3352 749 3414 Ῥοδογούνην
764 3351 873 3403 ἔζευξεν
888 3350 1031 3416 αὐτῷτὴν
1046 3351 1171 3414 ἀδελφὴν
1186 3352 1202 3403 ὁ
1218 3353 1350 3414 βασιλεὺς.
1366 3357 1409 3406 68.
1419 3355 1495 3420 παρὰ

349 3426 378 3477 δὲ
395 3427 445 3487 τὴν
455 3422 588 3488 ἀναρχίαν
603 3423 686 3486 τήνδε
701 3423 800 3473 δοῦλος
815 3425 872 3473 τῶν
888 3420 1021 3485 βασιλέων
1033 3421 1169 3473 Διόδοτος
1183 3421 1293 3474 παιδίον
1306 3423 1494 3490 Ἀλέξανδρον,

349 3496 376 3547 ἐξ
397 3494 575 3558 Ἀλεξάνδρου
599 3497 650 3544 του
673 3493 759 3544 νόθου
784 3494 827 3543 καί
851 3495 900 3556 τῆς
919 3489 1095 3553 Πτόλεμαίου
1114 3493 1260 3558 θυγατρός,
1285 3494 1329 3546 ἐπί
1349 3495 1401 3558 τὴν
1421 3498 1494 3559 βασι-

348 3565 423 3618 λείαν
446 3568 558 3629 ἤγαγεν.
596 3566 640 3615 καί
664 3563 697 3615 τὸ
720 3560 830 3614 παιδίον
856 3562 962 3615 κτείνας
986 3563 1070 3615 αὐτὸς
1093 3563 1263 3628 ἐπετόλμησε
1286 3570 1321 3631 τῇ
1346 3566 1417 3631 ἀρχῇ
1438 3569 1493 3620 κτὲ.

348 3634 450 3688 lustin.
471 3642 544 3700 36,1,
556 3642 584 3686 u:
607 3632 723 3685 ‘Missus
743 3632 842 3684 deinde
858 3632 885 3684 in
897 3631 1064 3700 Hyrcanium
1075 3632 1244 3697 (Demetrius
1254 3636 1363 3703 captus)
1374 3635 1495 3706 henigne

349 3711 378 3758 et
396 3705 471 3758 iuxta
489 3705 595 3757 cultum
615 3702 747 3772 pristinae
762 3704 889 3755 fortunue
906 3703 1032 3756 hahetur.
1062 3702 1134 3755 Dum
1150 3702 1217 3757 haec
1233 3708 1362 3772 aguntur,
1382 3705 1494 3761 interim

350 3776 377 3830 in
393 3775 467 3842 Syn'u
494 3775 615 3842 'seppho
635 3773 681 3841 qui
701 3792 729 3826 se
748 3777 870 3827 tutorem
895 3773 1033 3827 Antiocho
1054 3773 1188 3826 Demetrii
1213 3773 1342 3843 privigno
1362 3777 1495 3830 substitui

349 3865 366 3898 a
394 3847 495 3915 populo
524 3845 713 3903 laboraverat,
742 3845 833 3898 occiso
858 3845 965 3913 pupillo
995 3861 1111 3912 regnum
1137 3843 1231 3911 Syriae
1256 3844 1393 3904 invarlit’z
1422 3865 1493 3915 quae

349 3917 432 3969 trium
453 3917 620 3986 scriptorum
639 3915 771 3972 onmium.
791 3933 840 3969 nec
861 3915 975 3969 Diodori
995 3913 1076 3967 unius
1096 3931 1132 3976 ην.
1149 3914 1299 3969 Muellerus
1318 3934 1344 3984 p.
1367 3915 1437 3985 XX),
1458 3918 1493 3970 ml

351 3987 527 4041 Posidonium
549 3987 690 4041 referenda
711 3990 783 4039 sunt.

422 4076 442 4122 ²}
464 4074 642 4144 llisponenda
661 4074 746 4143 igitur
766 4092 798 4127 ox
817 4074 930 4143 losephi
953 4078 1047 4129 mente
1066 4073 1139 4126 hum·
1160 4072 1188 4126 in
1208 4073 1320 4127 modum
1340 4077 1405 4128 sunt
1424 4077 1492 4130 tenr-

350 4163 427 4215 pora:

455 4216 613 4269 Demetrius
632 4222 741 4285 eaptus:
1148 4214 1227 4267 initio
1241 4232 1265 4268 a.
1286 4221 1332 4268 llr
1348 4234 1372 4272 a.
1389 4216 1452 4272 Chr.
1467 4237 1494 4273 n.

457 4288 591 4341 lonathan
611 4290 639 4341 et
657 4287 811 4341 Antiochus
826 4305 840 4340 a
857 4288 1003 4357 'l'rpphone
1019 4285 1114 4340 orrisi:
1136 4285 1226 4339 medio
1240 4303 1265 4339 n.
1283 4293 1332 4340 142

456 4357 588 4427 Tnphon
607 4361 743 4412 mortuus:
1149 4354 1230 4409 initio
1243 4373 1267 4410 u.
1286 4362 1343 4410 138.

350 4429 479 4483 Ceterum
501 4445 568 4482 care
592 4447 707 4498 sequare
731 4429 889 4482 t'liutoneur
916 4428 946 4483 F.
970 4427 1004 4481 H.
1029 4427 1065 4480 lll
1089 4444 1116 4495 p.
1140 4433 1191 4480 326
1220 4445 1278 4495 sqq.
1308 4427 1337 4482 in
1363 4429 1494 4486 universa

351 4499 480 4567 Sprorum
494 4499 676 4569 chronologia
690 4499 785 4570 paullo
800 4498 947 4564 infelicius,
966 4514 1001 4551 ne
1021 4496 1111 4550 dicam
1130 4496 1322 4567 indiligentius
1343 4504 1493 4558 versatum.
