3690 5086
347 120 485 186 mittere.
531 121 661 187 Etenim
685 142 757 185 cunr
781 119 815 182 iu
837 117 923 182 libro
946 117 961 181 I
986 115 1084 180 llaec.
1107 113 1242 201 legisset
1264 113 1392 200 legatos
1415 114 1490 180 illos

347 250 418 293 esse
439 229 568 312 missos,
592 234 764 314 postquam
783 224 968 291 Demetrius
985 223 1115 289 Iudaeis
1135 225 1246 288 tantas
1269 224 1491 290 immunitates

346 335 571 418 concessisset,
601 340 637 400 ut
664 356 742 400 sane
769 332 852 397 liber
879 332 953 397 inde
981 331 1022 396 ab
1053 329 1111 396 illo
1138 334 1286 414 tempore
1318 333 1405 395 esset
1435 352 1491 414 po-

346 441 458 525 pulus3
473 441 642 506 advenisse
652 447 760 506 autem
775 439 850 505 illos
859 437 998 505 Romam
1013 442 1222 521 senatumque
1237 436 1284 502 eis
1294 458 1365 502 esse
1379 435 1491 501 datum

345 547 512 612 nullodum
542 547 580 613 de
607 548 773 613 Demetrio
804 550 900 629 capto
928 566 1056 610 rumore
1085 543 1208 609 adlato:
1239 542 1386 628 prolecto
1414 566 1490 628 quo-

345 654 441 720 modo
469 677 508 720 ex
535 655 608 720 istis
638 655 761 739 laqueis
791 674 825 719 se
852 651 1029 737 expediret,
1058 650 1146 715 haud
1172 649 1268 716 facile
1300 649 1492 734 reperiebat.

346 761 551 846 Quapropter
583 763 692 828 omnia
722 759 796 844 illa,
833 782 915 844 quae
946 757 1131 823 Demetrius
1162 757 1290 823 Iudaeis
1323 758 1492 841 concessit,

345 869 457 934 omisit
486 869 586 954 deque
615 871 687 954 ipsa
716 867 881 953 legatione
913 865 1110 950 paucissima
1137 864 1193 931 illa
1221 887 1320 950 supra
1347 887 1367 930 a
1393 863 1488 931 nobis

344 977 561 1061 transscripta
584 976 718 1042 rettulit.

432 1117 502 1183 Iam
526 1122 635 1184 autem
656 1139 742 1182 nova
766 1115 924 1201 quaedam
947 1114 1122 1181 difficultas
1145 1112 1257 1179 oritur.
1297 1111 1447 1179 Vidimus
1471 1135 1491 1179 a

345 1224 503 1308 scriptore
526 1226 546 1289 l.
569 1225 584 1289 Ι
608 1224 708 1290 llaec.
730 1223 968 1308 expeditionem
990 1221 1185 1304 Parthicam,
1209 1243 1291 1305 quae
1314 1220 1348 1285 in
1372 1242 1491 1286 annum

345 1352 409 1395 aer.
432 1327 494 1395 Sel.
521 1333 583 1397 172
607 1330 648 1416 (a,
668 1329 742 1397 Chr.
765 1353 796 1395 n.
823 1328 1010 1415 141-140)
1033 1327 1191 1411 inciderit,
1214 1328 1262 1393 ita
1284 1328 1433 1407 describi,
1455 1331 1492 1394 ut

345 1437 455 1518 paucis
492 1437 663 1504 admodum
700 1438 812 1504 diebus
849 1441 921 1502 tota
957 1458 1008 1501 res
1049 1436 1197 1502 confecta
1232 1458 1303 1501 esse
1335 1434 1491 1501 rideatur.

343 1541 535 1608 ludaeorum
567 1566 644 1610 vero
676 1546 777 1630 legati
807 1567 879 1610 cum
911 1543 1094 1609 necessario
1124 1541 1263 1607 Romam
1295 1543 1388 1608 missi
1424 1543 1490 1607 siut

343 1653 418 1713 ante
443 1656 572 1734 captum
591 1652 801 1732 Demetrium,
824 1652 844 1715 i.
869 1675 894 1716 e.
918 1672 1002 1715 anno
1027 1674 1054 1715 a.
1079 1648 1153 1716 Chr.
1176 1672 1207 1714 ιι.
1233 1650 1305 1732 141,
1328 1647 1490 1733 quomodo

343 1755 414 1820 fieri
442 1758 562 1840 potuit,
595 1763 632 1822 ut
658 1780 742 1823 auno
771 1781 799 1822 a.
828 1755 903 1822 Chr.
925 1779 955 1820 ιι.
983 1757 1043 1822 138
1072 1754 1201 1820 demum
1228 1754 1384 1841 redirent,
1414 1754 1489 1824 dum

343 1861 524 1928 Antiochus
549 1864 671 1930 Dorarn
694 1863 847 1929 obsidet?

434 2003 494 2080 Qui
527 2006 630 2070 nodus
663 2005 746 2071 solri
779 2008 889 2090 potest
919 2004 1036 2071 Iustiui
1073 2006 1288 2071 cummaxime
1323 2005 1490 2090 ipsiusque

343 2110 474 2196 Iosephi
498 2112 739 2178 narrationibus
763 2135 835 2177 cum
859 2113 962 2178 altera
988 2112 1047 2177 illa
1074 2111 1282 2196 comparatis.
1328 2110 1381 2178 Sic
1404 2113 1490 2179 enim

343 2217 398 2282 ille
408 2217 557 2303 XXXVI,
570 2221 597 2301 1,
606 2221 625 2283 2
635 2219 681 2283 ed.
691 2218 789 2302 Ieep.:
804 2215 1026 2304 ‘(Demetrius)
1037 2240 1109 2283 cum
1125 2219 1166 2282 ab
1180 2218 1317 2303 imperio
1332 2219 1402 2285 eius
1416 2243 1489 2304 pas·

344 2324 405 2389 sim
438 2325 587 2391 civitates
620 2324 804 2406 deficerent,
841 2324 882 2388 ad
914 2324 1107 2390 abolendam
1138 2325 1296 2411 segnitiae
1328 2326 1489 2391 maculam

343 2429 464 2495 bellum
491 2431 621 2496 Parthis
653 2432 771 2496 inferre
805 2432 935 2496 statuit:
968 2431 1058 2496 cuius
1092 2431 1265 2497 adveutum
1296 2453 1363 2497 uon
1395 2432 1489 2498 inviti

344 2537 478 2602 orientis
503 2539 614 2622 populi
639 2536 745 2602 videre
770 2542 803 2601 et
826 2541 959 2621 propter
986 2535 1162 2603 Arsacidae
1185 2539 1272 2625 regis
1293 2538 1489 2605 Parthorum

343 2643 566 2709 crudelitatem
591 2649 622 2710 et
646 2646 731 2730 quod
755 2645 854 2709 veteri
874 2643 1087 2709 Macedonum
1108 2644 1245 2728 imperio
1264 2644 1391 2710 adsumi
1412 2646 1489 2711 nori

343 2750 455 2832 populi
480 2752 664 2835 superbiam
688 2750 818 2834 indigne
843 2749 999 2814 ferebant.
1030 2751 1143 2833 ltaque
1167 2772 1238 2814 cum
1263 2754 1296 2814 et
1317 2750 1489 2816 Persarum

344 2859 377 2917 et
400 2854 631 2939 Elymaeorum
655 2857 967 2941 Bactrianorumque
996 2855 1124 2919 armillis
1150 2856 1328 2940 iuvaretur,
1355 2858 1488 2922 multis

345 2962 507 3042 proeliis
533 2961 696 3028 Parthos
720 2963 829 3027 fudit.
858 2961 908 3027 Ad
931 2966 1132 3046 postremum
1150 2966 1260 3027 tamen
1278 2964 1367 3046 pacis
1391 2964 1488 3029 simu·

345 3066 467 3131 latione
499 3068 650 3152 deceptus
674 3070 812 3153 capitur'
838 3073 909 3134 eet:
933 3070 973 3134 cf.
1001 3068 1065 3132 Ios.
1088 3067 1168 3133 XIII
1195 3070 1287 3151 5,11.
1331 3069 1424 3135 Unde
1447 3070 1488 3152 id,

343 3173 428 3256 quod
460 3197 537 3240 sane
571 3176 798 3262 grauissimum
824 3180 888 3255 est,
920 3174 1098 3239 luculenter
1128 3179 1233 3261 patet,
1266 3177 1488 3242 diuturnum

342 3278 443 3344 luisse
474 3281 594 3346 bellum
628 3280 706 3345 illud
735 3304 772 3346 ec
800 3281 989 3365 neutiquam
1015 3280 1217 3348 Demetrium
1249 3284 1362 3348 statim
1392 3283 1487 3347 initio

342 3389 484 3468 captum.
530 3386 660 3466 Quodsi,
683 3386 716 3451 id
740 3387 825 3469 quod
849 3409 925 3452 sane
947 3387 1033 3472 licet,
1061 3389 1276 3472 expeditionis
1299 3388 1431 3454 initium
1453 3387 1488 3453 in

343 3490 472 3557 ineunte
488 3515 573 3556 auno
593 3515 620 3557 a.
635 3490 709 3558 Chr.
723 3515 753 3556 n.
776 3494 840 3557 140
854 3495 1014 3577 ponimus,
1032 3497 1148 3578 captus
1163 3494 1217 3559 ille
1234 3493 1487 3558 essecommoda

342 3601 503 3680 potesta.
530 3600 601 3663 139.
646 3597 747 3664 Ροιιο
772 3600 853 3663 nihil
879 3601 1002 3679 obstat,
1027 3601 1126 3665 immo
1151 3600 1286 3664 alludent
1309 3600 1428 3680 omnia,
1451 3602 1487 3661 ut

341 3703 539 3787 legationem
568 3705 657 3769 illam
686 3707 820 3770 missam
854 3727 923 3770 esse
959 3708 1155 3789 statuamus,
1186 3707 1261 3770 dum
1288 3704 1351 3769 hoc
1379 3704 1486 3787 ipsum

342 3809 462 3874 bellum
486 3811 617 3895 geritur,
642 3813 661 3875 i.
680 3834 705 3876 e.
721 3812 789 3876 sive
812 3817 947 3876 exeunte
970 3831 1055 3876 anno
1081 3811 1145 3874 140
1167 3810 1235 3874 sive
1258 3809 1389 3873 ineunte
1415 3807 1487 3871 139.

431 3945 502 4012 Hoc
533 3952 641 4015 autem
668 3949 696 4013 si
724 3949 895 4033 accipitur,
926 3949 1046 4014 reditus
1077 3949 1111 4013 in
1139 3947 1246 4013 Dorae
1274 3945 1485 4024 obsidionem,

342 4051 362 4114 i.
386 4072 411 4115 e.
435 4052 467 4116 iu
496 4054 637 4120 medium
665 4054 730 4119 fere
760 4077 880 4119 annum
909 4077 937 4118 a.
960 4051 1034 4117 Chr.
1057 4073 1088 4115 u.
1115 4051 1190 4134 138,
1219 4048 1315 4114 facile
1343 4046 1484 4112 incidere
