3690 5086
344 90 474 159 sitionis
503 95 629 162 ratione
662 97 780 182 posita.
827 95 879 160 Ad
912 118 1024 180 qnam,
1051 95 1107 180 qui
1134 96 1280 160 neutrius
1314 96 1494 181 scriptoris,

344 197 400 262 sed
424 202 573 268 veritatis
597 205 641 270 sit
665 204 841 287 studiosus,
870 225 968 288 qnam
991 205 1103 287 potest
1126 204 1369 269 accuratissime
1393 206 1496 269 atten-

344 302 401 368 dat
425 313 569 396 oportet,
601 333 641 376 ne
666 313 707 376 ab
731 311 826 376 initio
851 310 965 375 statim
995 309 1101 374 omnis
1129 311 1303 393 quaerendi
1333 309 1428 376 labor
1460 309 1495 375 in

344 431 473 476 cassum
503 415 570 480 fiat.
622 416 753 482 Scilicet
781 415 856 480 hinc
889 413 1032 500 pendent
1061 414 1159 498 primi
1192 414 1260 481 Scti
1288 418 1323 481 in
1350 415 1496 482 Simonis

346 519 487 600 gratiam
511 521 591 586 facti
614 527 764 606 tempora
787 520 1006 606 iudicatioque
1031 520 1136 585 omnis
1160 522 1345 587 commercii
1362 521 1495 607 publici,

345 623 430 704 quod
453 623 618 692 Romanos
644 628 729 693 inter
752 631 785 691 et
799 625 937 692 ludaeos
962 626 1002 691 ad
1022 623 1196 691 Caesarem
1219 649 1320 711 nsque
1344 628 1495 696 obtinuit.

433 729 657 816 Incipiendum
681 739 790 799 autem
814 733 867 798 hic
896 756 1023 818 quoque
1051 733 1178 797 videtur
1206 731 1248 798 ab
1272 755 1323 818 ea,
1352 755 1435 819 quae
1462 736 1497 798 in

345 834 429 900 libro
453 837 469 902 I
492 838 591 905 Mace.
616 847 675 926 est,
698 841 895 906 narratione.
934 839 1104 925 Expositis
1142 839 1242 925 igitur
1275 838 1432 905 Ionathae
1464 844 1497 906 et

345 939 487 1008 Simonis
510 948 675 1031 praeclare
699 948 795 1013 factis
819 949 979 1014 tremitur
1001 970 1048 1011 vs.
1068 945 1111 1011 39
1135 943 1176 1009 ad
1199 943 1415 1031 Tryphonem,
1443 946 1498 1032 qui

345 1050 502 1133 regnandi
533 1053 683 1137 cupidine
711 1058 826 1139 captus
854 1077 954 1120 unum
976 1051 1148 1118 Ionatham
1176 1052 1407 1136 impedimento
1436 1052 1499 1118 sibi

345 1176 416 1220 csse
443 1157 651 1245 intellexerit,
678 1183 719 1225 ne
746 1161 912 1227 Antiocho
943 1158 1078 1245 puerulo
1108 1155 1237 1223 sublato
1266 1159 1335 1223 voti
1364 1179 1497 1243 compos

345 1260 445 1325 fieret.
482 1263 567 1330 Dolo
592 1267 694 1352 igitur
709 1267 1068 1351 pollicitationibusque
1083 1303 1125 1313 -
1140 1266 1173 1330 vi
1188 1265 1273 1330 enim
1286 1264 1369 1330 nihil
1384 1269 1498 1330 contra

345 1366 518 1433 Ionatham
537 1394 656 1457 magno
673 1375 816 1439 exercitu
837 1375 995 1458 stipatum
1011 1373 1170 1458 potuit-
1183 1371 1297 1455 effecit,
1308 1374 1346 1436 ut
1355 1372 1498 1436 maxima

345 1472 513 1556 copiarum
532 1483 625 1559 parte
644 1480 779 1544 dimissa
802 1480 857 1544 ille
881 1503 955 1544 cum
979 1479 1067 1543 mille
1087 1477 1244 1542 militibus
1262 1475 1497 1541 Ptolemaidem

346 1579 479 1663 veniret,
493 1581 549 1646 ubi
569 1583 681 1647 statim
701 1583 953 1666 comprehensus
968 1587 1019 1647 est
1037 1581 1212 1646 comitibus
1231 1580 1382 1646 omnibus
1401 1581 1498 1645 inter·

346 1684 450 1750 fectis.
474 1685 544 1763 Quo
564 1688 675 1753 audito
699 1711 772 1753 cum
790 1687 901 1753 Iudaei
925 1687 1067 1752 maximo
1085 1687 1203 1751 timore
1221 1687 1363 1771 perculsi
1380 1690 1499 1771 essent,

346 1789 459 1857 Simon
477 1793 601 1857 fervida
620 1794 768 1858 oratione
787 1794 914 1859 animos
935 1815 1046 1858 eorum
1065 1792 1164 1878 erigit
1183 1791 1322 1876 bellique
1341 1792 1405 1857 dux
1424 1797 1498 1859 con‘·

347 1898 496 1962 stituitur
518 1896 604 1983 (13,1
631 1899 721 1986 sqq.).
766 1900 895 1964 Interea
918 1898 1076 1984 Tryphon
1105 1921 1178 1964 cmn
1206 1919 1324 1984 magno
1357 1899 1499 1964 exercita

351 2002 506 2068 adventat
534 2003 706 2069 Ionatham
739 2006 885 2070 vinctum
919 2027 1028 2071 secum
1060 2004 1192 2086 ducena,
1224 2025 1319 2087 quem
1342 2003 1499 2071 redimere

347 2106 459 2175 Simon
473 2110 595 2175 frustra
610 2115 747 2176 conatus
762 2116 882 2195 tamen,
896 2135 937 2177 ne
952 2109 1182 2194 Hierosolyma
1196 2107 1271 2194 Syri
1285 2111 1500 2197 pervenirent,

347 2217 516 2298 praecluso
535 2219 695 2283 montium
715 2218 804 2282 adito
824 2219 1002 2303 prohibuit.
1025 2216 1139 2300 Itaque
1153 2214 1311 2300 Tryphon
1325 2238 1398 2282 cum
1416 2215 1499 2282 nihil

347 2322 457 2403 perfici
480 2345 577 2407 posse
605 2324 832 2409 intellexisset,
860 2347 1027 2411 regressus
1055 2327 1106 2388 est
1133 2321 1272 2387 Ionatha
1299 2322 1386 2388 inter
1413 2323 1499 2388 viam

348 2426 389 2491 ad
411 2426 604 2494 Bascamam
628 2431 800 2497 trucidato.
828 2431 952 2496 Deinde
972 2453 1017 2495 vs.
1036 2431 1095 2495 31:
1119 2429 1294 2508 ἐπορεύετο
1314 2430 1403 2514 δόλῳ
1422 2430 1500 2509 μετὰ

348 2530 513 2613 Ἀντιόχου
532 2541 590 2601 τοῦ
612 2541 769 2616 βασιλέωε
788 2542 846 2602 τοῦ
866 2539 1027 2615 νεωτέρου
1052 2537 1102 2599 καί
1126 2535 1349 2601 ἀπέκτεινεν
1374 2534 1499 2612 αὐτόν,

348 2639 400 2702 32.
428 2641 478 2703 καί
502 2642 716 2721 ἐβασίλευσεν
748 2642 821 2706 ἀντ’
850 2645 950 2708 αὐτοῦ
986 2643 1037 2707 καὶ
1071 2642 1236 2719 περιέθετο
1274 2640 1411 2720 διάδημα
1444 2645 1500 2720 τῆ(

350 2743 456 2809 Ἀσία(
475 2748 524 2809 καί
544 2748 678 2828 ἐποίησε
699 2751 825 2829 πληγὴν
840 2749 983 2828 μεγάλην
1003 2749 1055 2813 ἐπί
1073 2752 1129 2827 τῆ(
1147 2753 1214 2826 γῆε.
1238 2747 1373 2812 Interim
1387 2743 1500 2812 Simon

349 2851 493 2915 castellis
512 2851 651 2918 Iudaeae
675 2856 809 2918 munitis
833 2877 906 2918 cum
925 2853 1091 2918 Demetrio
1106 2851 1138 2916 Π
1157 2852 1303 2938 legitimo
1325 2872 1401 2938 rege
1420 2850 1500 2936 Try·

351 2956 531 3042 plionisque
555 2959 741 3025 adversario
766 2962 925 3025 acerrimo
950 2961 983 3024 in
1006 2960 1147 3045 gratiam
1171 2959 1262 3042 redit,
1286 2979 1400 3042 aquo
1429 2978 1499 3021 om·

349 3064 450 3128 nium
479 3087 601 3130 rerum
631 3066 931 3149 immunitatem,
960 3065 1150 3150 simulque
1180 3069 1235 3147 ut,
1264 3085 1358 3148 quae
1387 3067 1500 3127 antea

350 3190 535 3234 concessa
563 3176 687 3251 erant,
722 3175 807 3235 rata
837 3175 983 3255 essent,
1013 3171 1248 3255 impetravit.
1283 3167 1340 3232 Vs.
1363 3169 1419 3232 34:
1449 3169 1500 3232 καί

350 3276 480 3340 ἐπέλεξε
515 3277 622 3354 Σίμων
655 3277 773 3356 ἀνδρα(
812 3279 862 3341 καὶ
900 3277 1071 3343 ἀπέστειλε
1110 3277 1190 3354 πρὸ(
1222 3277 1406 3354 Δημήτριον
1442 3275 1500 3337 τὸν

352 3384 485 3458 βασιλέα
513 3387 571 3446 τοῦ
603 3389 735 3464 ποιησαι
764 3383 885 3462 ἀφεσιν
916 3389 954 3466 τῇ
983 3384 1084 3464 χώρᾳ,
1115 3380 1163 3445 ὅτι
1187 3384 1288 3443 πᾶσαι
1317 3378 1349 3442 αἱ
1372 3378 1500 3456 πράξειε

350 3485 528 3564 Τρύφωνα(
552 3489 637 3567 ἦσαν
661 3489 808 3565 ἁρπαγαί.
835 3488 885 3551 35.
911 3490 961 3551 καὶ
985 3487 1177 3551 ἀπέστειλεν
1206 3485 1294 3565 αὐτῷ
1318 3485 1500 3564 Δημήτρια(

351 3591 370 3652 ὁ
395 3595 544 3668 βασιλεὺε
568 3595 647 3655 κατὰ
671 3596 745 3656 τοὺ(
774 3594 893 3667 λόγου(
922 3594 1057 3655 τούτου(
1081 3591 1131 3652 καί
1155 3588 1306 3666 ἀπεκρίθη
1335 3589 1422 3672 αὐτῷ
1450 3591 1500 3653 καὶ

351 3696 494 3772 ἔγραψεν
527 3698 613 3779 αὐτῷ
651 3700 828 3774 ἐπιστολὴν
866 3698 1025 3775 τοιαύτην
1063 3695 1114 3757 36.
1140 3695 1294 3756 Βασιλεὺς
1318 3695 1500 3773 Δημήτριοι

352 3802 471 3875 Σίμωνι
504 3801 677 3880 ἀρχιερεῖ
711 3806 760 3866 καί
792 3804 877 3882 φίλῳ
910 3803 1071 3879 βασιλέων
1103 3800 1152 3861 καὶ
1189 3802 1417 3878 πρεσβυτέροι(
1450 3804 1499 3865 καί

351 3906 435 3969 ἔθνει
466 3905 625 3970 Ἰουδαίων
657 3909 786 3984 χαίρειν.
822 3907 873 3968 δῖ.
899 3907 956 3968 τὸν
987 3908 1155 3983 στέφανον
1185 3906 1243 3969 τὸν
1273 3911 1415 3984 χρυσοῦν
1450 3909 1500 3971 καὶ

351 4015 409 4089 τὴν
435 4015 545 4089 βαίνην
569 4017 608 4090 ἢν
632 4012 843 4076 ἀπεστείλατε
871 4012 1083 4086 κεκομίσμεθα
1107 4012 1157 4071 καὶ
1182 4012 1300 4089 ἕτοιμοί
1324 4015 1424 4092 ἐσμεν
1441 4018 1500 4078 τοῦ
