3690 5086
519 499 697 578 βούλωνται
721 502 906 578 μεθιστῶσι,
930 503 980 566 καὶ
1004 501 1184 582 ύψώθησαν
1212 498 1344 580 σφόδρα
1375 500 1423 565 14.
1452 500 1502 565 καὶ
1528 501 1565 565 ἐν
1588 502 1667 567 πᾶσι

517 606 652 687 τούτοις
666 607 725 672 οὐκ
747 607 883 672 ἐπέθετο
904 608 1010 673 ούδεῖς
1025 609 1132 674 αὐτῶν
1147 607 1291 686 διάδημα,
1315 607 1367 670 καί
1384 605 1424 672 ού
1438 606 1668 688 περιεβάλοντο

518 713 691 794 πορφύραν
713 711 800 779 ὥστε
824 712 1018 795 ἁδρυνθῆναι
1042 717 1078 781 ἐν
1099 715 1187 799 αὐτῇ.
1203 715 1253 778 καῖ
1269 715 1496 793 βουλευτήριον
1509 712 1668 792 ἐποίησαν

518 819 657 899 ἑαυτοῖς,
690 820 740 884 καὶ
773 818 843 884 καθ’
874 822 995 900 ἡμέραν
1028 823 1242 903 ἐβουλεύοντο
1275 819 1452 898 τριάκοσιοι
1485 819 1535 883 καί
1566 817 1668 884 εἴκοσι

519 925 747 1006 βουλευόμενοι
784 927 837 991 διά
874 929 995 992 παντὸς
1033 931 1105 1008 περὶ
1142 931 1200 993 τοῖι
1233 927 1375 1005 πλήθους
1406 929 1464 990 τοῦ
1497 924 1669 1003 εύκοσμεῖν

518 1033 644 1098 αύτούς.
680 1033 729 1098 16.
758 1035 810 1098 καὶ
840 1025 1051 1101 πιστεύουσιν
1082 1037 1129 1101 ἑνὶ
1159 1034 1321 1117 ἀνθρώπῳ
1349 1035 1408 1112 τὴν
1435 1031 1537 1112 ἀρχὴν
1560 1032 1668 1097 αὐτῶν

517 1137 586 1204 κατ’
608 1141 757 1205 ἐνιαυτόν
781 1141 832 1205 καὶ
855 1142 1012 1220 κυριεύειν
1036 1143 1143 1222 πάσης
1166 1147 1221 1221 τῆς
1244 1145 1302 1220 γῆς
1326 1139 1447 1218 αὐτῶν,
1475 1139 1527 1203 καὶ
1550 1138 1669 1203 πάντες

518 1244 674 1312 ἀκούουσι
697 1251 755 1312 τοῦ
779 1246 862 1326 ἑνός,
887 1250 938 1312 καὶ
961 1249 1020 1314 ούκ
1043 1250 1112 1316 ἔστι
1136 1248 1259 1329 φθόνος
1283 1246 1359 1311 ούδὲ
1383 1251 1478 1327 ζῆλος
1499 1246 1535 1310 ἐν
1549 1246 1667 1312 αὐτοῖς

512 1405 866 1473 11.καὶὲπέλεξενἸού-
895 1406 958 1474 Ios.
982 1409 1020 1474 Α.
1048 1409 1072 1476 I.
1102 1408 1167 1474 XII
1201 1409 1251 1493 10,
1274 1409 1295 1472 6
1324 1404 1488 1471 Vetusta
1508 1405 1723 1472 translatio

348 1596 349 1601 ἵ
466 1515 524 1576 δας
535 1515 592 1577 τὸν
600 1513 867 1592 Εύπόλεμονυίδν
1043 1515 1142 1582 Bekk.
1323 1511 1601 1579 LatinaVindel.
1627 1512 1722 1579 1470.

347 1680 350 1727 ἰ
466 1616 615 1684 ’Ἰωάννου
625 1625 684 1685 πού
692 1619 808 1686 Ἀκκώς
817 1622 867 1686 καὶ
941 1624 1070 1702 πέμψας
1094 1623 1153 1688 οὖν
1178 1623 1222 1688 εἰς
1236 1625 1295 1702 τὴν
1367 1618 1501 1684 Mittens
1509 1641 1633 1686 romam
1642 1619 1722 1685 ami·

348 1782 350 1817 ÷
466 1724 867 1807 ἸάσοναυίὸνἘλεαζάρου
894 1729 1020 1808 Ῥώμην
1043 1733 1109 1793 τών
1128 1729 1227 1794 αὑτοῦ
1241 1730 1293 1810 φί-
1323 1748 1378 1792 cos
1408 1749 1485 1794 suos
1517 1725 1723 1812 eupolemum

348 1858 351 1928 ι
466 1833 516 1896 καί
533 1831 725 1898 ἀπέστειλεν
749 1834 867 1899 αὐτοὺς
896 1840 963 1899 λων
1009 1836 1196 1914 Εὐπόλεμον
1236 1838 1295 1901 τόν
1322 1833 1722 1899 filiumiohannisetiaso·

349 1935 350 1945 ’
466 1939 510 2002 εἰς
533 1939 659 2018 Ῥώμην
676 1945 794 2019 στῆσαι
810 1940 865 2004 αύ-
896 1942 1045 2008 Ἰωάννου
1070 1943 1140 2008 υἱόν
1164 1944 1214 2007 καὶ
1239 1941 1293 2007 Ἰά-
1322 1961 1396 2004 nem
1417 1939 1555 2006 eleazari
1568 1939 1722 2026 rogabat·

348 2102 352 2133 2
465 2050 533 2109 τοῖς
564 2047 675 2125 φιλίαν
705 2048 755 2110 καί
786 2062 866 2124 συμ·
895 2066 980 2113 σονα
1008 2051 1066 2113 τὸν
1095 2047 1294 2126 Ἐλεαζάρου,
1323 2067 1383 2130 que
1407 2067 1466 2130 per
1488 2068 1544 2112 eos
1568 2067 1721 2112 romanos

349 2136 352 2183 Ἰ
466 2152 595 2229 μαχίαν,
639 2154 684 2217 18.
723 2155 773 2216 καὶ
808 2157 866 2216 τού
895 2155 1067 2234 παρεκάλει
1114 2154 1153 2218 δι’
1187 2154 1295 2218 αὐτῶν
1323 2152 1533 2218 auxiliatores
1580 2151 1645 2218 sibi
1690 2156 1724 2217 et

465 2255 538 2335 άραι
576 2259 634 2322 τὸν
677 2261 775 2335 ζυγὸν
812 2258 868 2323 ἀπ’
895 2262 1083 2340 συμμάχους
1126 2258 1208 2324 είναι
1245 2261 1295 2325 καὶ
1322 2257 1723 2324 amieosesseetdemetrio

465 2364 587 2443 αὐτῶν,
622 2364 670 2429 ότι
701 2364 775 2430 ἴδον
808 2368 867 2445 τὴν
895 2369 1020 2448 φίλους,
1045 2370 1095 2432 καὶ
1122 2366 1295 2449 Δημητρίῳ
1323 2365 1463 2430 scribere
1484 2369 1643 2451 quatenus
1656 2387 1722 2432 non

467 2471 633 2548 βασιλείαν
664 2475 729 2535 τῶν
758 2471 866 2550 Ἑλλή-
895 2475 1016 2555 γράψαι
1025 2475 1114 2539 όπως
1122 2477 1162 2552 μὴ
1171 2475 1295 2557 πολεμῇ
1323 2470 1511 2557 confligeret
1525 2493 1598 2537 cum
1609 2472 1723 2538 iudeis.

466 2596 533 2639 νιυν
548 2581 867 2655 καταδουλουμένους
895 2587 963 2647 τοῖς
988 2580 1157 2647 Ἰουδαίοις.

352 2744 354 2766 ,
465 2684 524 2746 τὸν
553 2682 677 2762 Ἰσραὴλ
707 2681 866 2748 δουλείαν.

352 2797 354 2867 3
469 2790 517 2853 19.
556 2792 607 2854 καῖ
641 2792 867 2870 ἐπορεύθησαν

352 2909 355 2983 ,
466 2898 510 2960 εἰς
534 2897 667 2976 Ῥώμην,
692 2898 742 2962 καὶ
756 2899 775 2977 ἡ
790 2897 867 2962 όδδς
941 2899 1095 2965 ἐλθόντας
1118 2902 1154 2964 δὲ
1178 2899 1222 2964 εἰς
1237 2901 1296 2978 τὴν
1366 2894 1723 2981 Οαυηυονοιιίευοαῖτο-

466 3006 572 3082 πολλὴ
586 3004 725 3083 σφόδρα,
736 3007 786 3068 καὶ
800 3006 866 3070 εἰσ·
894 3007 1020 3095 Ῥώμην
1044 3009 1118 3071 τοὺς
1136 3005 1222 3085 παρά
1235 3009 1295 3070 τού
1323 3025 1410 3067 mam
1423 3003 1524 3088 legati
1542 3003 1615 3069 iude
1630 3026 1722 3070 sena·

466 3114 567 3188 ῆλθον
591 3111 634 3175 εἰς
668 3112 704 3174 τό
735 3114 866 3191 βουλευ-
897 3113 997 3178 Ἰούδα
1038 3112 1238 3193 πρεσβευτάς
1275 3113 1294 3191 ἡ
1322 3108 1586 3175 tuseoslibenter
1595 3112 1724 3196 excepit

466 3219 577 3294 τήριον
588 3219 637 3280 καὶ
648 3216 867 3296 ἀπεκρίθησαν
896 3221 1075 3299 σύγκλητος
1090 3219 1225 3296 δέχεται,
1245 3218 1294 3281 καὶ
1323 3219 1356 3280 et
1393 3238 1432 3280 ευ
1464 3238 1524 3300 que
1557 3218 1724 3302 petierunt

467 3325 517 3386 καὶ
548 3321 650 3388 εἶπον·
680 3325 732 3388 20.
749 3323 867 3389 ’Ἰούδας
895 3330 1102 3404 διαλεχθεῖσα
1139 3325 1210 3402 περὶ
1248 3321 1295 3388 ὧν
1323 3321 1471 3387 celeriter
1494 3324 1615 3389 annuit*
1660 3322 1723 3388 Fa·

467 3429 486 3490 ὸ
520 3432 725 3510 Μακκαβαῖος
756 3434 806 3495 καὶ
837 3432 867 3496 οἱ
895 3435 1109 3512 ἐπέμφθησαν
1132 3432 1190 3509 τὴν
1213 3446 1293 3507 συμ·
1322 3429 1410 3493 ciens
1421 3449 1498 3514 ergo
1509 3428 1721 3494 obhocsena·

467 3534 605 3615 ἀδελφοὶ
630 3538 728 3602 αὐτοῦ
756 3540 867 3603 καὶτὸ
895 3540 1011 3618 μοιχίαν
1035 3538 1183 3602 ἐπινεύει.
1204 3540 1293 3616 ποιή-
1322 3537 1375 3598 tus
1406 3534 1589 3599 consultum
1617 3556 1722 3600 exem·

468 3646 589 3722 πλῆθος
613 3647 679 3707 τών
706 3642 867 3708 Ἰουδαίων
896 3662 986 3711 σασα
1014 3648 1048 3709 δὲ
1081 3645 1153 3723 περὶ
1177 3644 1293 3708 τούτου
1321 3639 1724 3725 plumquidemadiudeam

467 3748 664 3814 ἀπέστειλαν
687 3752 767 3829 ἡμᾶς
786 3753 867 3830 πρὸς
895 3754 998 3829 δόγμα
1022 3753 1059 3816 τό
1074 3753 1132 3828 μὲν
1146 3749 1293 3827 ἀντίγρα-
1322 3747 1512 3811 transmisi&
1524 3747 1631 3831 ipsum
1646 3771 1722 3816 vero

467 3856 546 3932 ὑμᾶς
562 3861 679 3936 στῆσαι
695 3857 762 3934 μεθ’
778 3858 867 3935 ὑμῶν
896 3880 962 3938 φον
991 3859 1034 3923 εἰς
1060 3861 1119 3937 τὴν
1141 3855 1295 3921 ’Ἰουδαίαν
1322 3853 1444 3917 tabulis
1468 3853 1549 3918 ereis
1565 3855 1722 3940 scriptum

467 3962 650 4040 συμμαχίαν
665 3964 715 4026 καὶ
730 3965 866 4042 εἰρήνην,
896 3964 1095 4042 ἀπέστειλεν,
1120 3962 1198 4026 αὐτὸ
1221 3960 1295 4025 δἐίς
1323 3959 1358 4023 in
1372 3958 1526 4043 capitolio
1542 3961 1722 4027 collocavit.

467 4070 517 4131 καὶ
528 4074 690 4149 γραφῆναι
699 4071 778 4148 ἡμᾶς
787 4086 866 4147 συμ·
895 4073 933 4137 τὸ
944 4072 1144 4136 Καπιτώλιον
1159 4067 1204 4131 εἰς
1218 4070 1294 4145 χαλ·
1323 4063 1406 4130 Erat
1420 4070 1527 4131 autem
1536 4067 1722 4134 huiusmodi

468 4174 589 4253 μάχους
646 4178 696 4239 καὶ
751 4178 867 4256 φίλους
896 4181 951 4242 κάς
979 4176 1200 4256 ἐγγράψαντες
1224 4175 1295 4238 δέλ-
1324 4176 1455 4238 senatus
1469 4175 1661 4242 consultum·
1684 4175 1722 4240 de

374 4261 377 4268 ¹
468 4282 565 4359 ὑμῶν.
600 4284 650 4347 21.
675 4285 725 4349 καὶ
748 4285 868 4363 ἤρεσεν
896 4303 971 4348 τους
995 4281 1164 4346 ἀνέθεσαν.
1196 4281 1236 4360 ἦν
1260 4281 1294 4343 δὲ
1324 4279 1454 4374 auxiliis
1469 4284 1502 4345 οῖ
1511 4279 1550 4345 de
1564 4280 1627 4346 fide
1637 4281 1724 4346 cirea

468 4389 867 4466 δλόγοςένώπιοναύτών.
896 4373 1065 4453 τοιοῦτον.1
1309 4389 1455 4471 agentem
1478 4387 1684 4474 iudeorum!

1309 4492 1311 4522 i
