3690 5086
1460 423 1500 506 'll

352 605 467 666 runtur
488 600 598 667 Indaci
627 602 713 688 apud
738 603 904 668 Romanos
938 603 1135 688 iniuriasque
1169 605 1257 684 παρὰ
1279 608 1318 670 τὸ
1341 612 1396 687 τῆ(
1420 623 1498 682 συγ·

351 711 468 788 κλήτου
492 710 596 787 δόγμα
618 708 723 775 lactas
748 713 924 777 ostcndrmt
946 711 1024 799 (los.
1047 709 1127 776 XIII
1149 712 1180 795 9,
1203 709 1247 797 2).
1290 710 1435 798 Denique
1459 733 1498 776 ex

352 812 423 896 ipso
456 812 531 880 Scto
563 816 596 880 in
625 814 767 882 Simonis
795 819 936 904 gratiam
968 819 1056 883 facto
1089 822 1159 882 tum
1192 819 1320 884 demum
1351 822 1498 883 senatum

351 921 462 997 φιλίαν
485 924 535 986 καὶ
559 924 691 1003 χάριτα(
719 928 799 1005 πρὸ(
828 928 946 992 αὐτοὺ(
977 927 1187 992 συνθέσθαι
1225 929 1331 1010 pratet,
1364 929 1497 1009 accepto

351 1025 454 1109 clipeo
480 1030 633 1113 συμβόλῳ
656 1037 712 1110 τῆ(
736 1034 964 1111 συμμαχία(
1018 1029 1138 1106 Quodsi
1168 1031 1214 1095 ibi
1243 1031 1344 1116 legati
1372 1031 1499 1096 venisse

351 1131 500 1197 dicuntur
535 1134 768 1216 ἀνανεούμενοι
806 1141 862 1203 τὰ(
900 1140 1168 1219 προϋπηργμένας
1205 1139 1286 1216 πρὸ(
1322 1138 1499 1218 Ῥωμαίου(

350 1238 480 1317 χάριτα(
504 1243 554 1304 καὶ
577 1245 636 1322 τὴν
660 1245 780 1321 φιλίαν,
804 1243 837 1308 id
860 1245 967 1328 ipsum
995 1247 1141 1308 nostram
1170 1241 1209 1306 de
1236 1241 1318 1308 Iuda
1345 1248 1378 1309 et
1404 1243 1498 1309 Iona·

349 1344 408 1409 tha
437 1347 630 1412 sententiam
670 1370 789 1434 magno
827 1371 925 1433 opere
962 1350 1141 1416 coufirmat.
1191 1347 1318 1432 Quippe
1356 1347 1497 1416 Simonis

351 1451 480 1516 demum
502 1455 705 1537 temporibus
729 1454 841 1521 Iudaei
866 1456 915 1520 sui
940 1456 1018 1520 iuris
1041 1455 1119 1519 facti
1143 1459 1245 1520 erant.

439 1557 560 1634 Quodsi
585 1561 618 1623 iu
642 1562 849 1625 amicitiae
873 1561 961 1627 illius
986 1561 1205 1639 renovatione,
1229 1582 1311 1646 quae
1327 1584 1405 1628 sane
1420 1560 1497 1628 Scto

350 1685 416 1728 non
440 1664 617 1750 indigebat,
641 1671 709 1732 tam
733 1668 848 1732 breves
873 1673 950 1733 aunt
972 1668 1113 1751 scriptor
1136 1666 1186 1732 l.l
1205 1666 1305 1733 Mace.
1329 1669 1497 1754 fidelisque

351 1772 478 1835 assecla
500 1771 669 1857 Iosephus,
693 1774 908 1839 iustissimam
932 1774 990 1839 illa
1014 1776 1085 1858 ipsa
1107 1775 1252 1839 brevitas
1275 1780 1309 1840 et
1337 1776 1496 1841 exeusati-

351 1898 445 1942 onem
459 1878 559 1942 habet
573 1884 607 1943 et
629 1901 792 1964 magnam,
814 1880 878 1944 nisi
892 1880 999 1964 fallor,
1022 1881 1084 1944 toti
1103 1881 1149 1945 rei
1164 1881 1261 1945 fidem
1276 1881 1364 1946 facit.
1392 1882 1496 1958 Quam

348 1983 454 2066 ipsam
477 1984 577 2048 etiam
601 1983 752 2049 Numenii
776 1984 878 2070 legati
904 2007 1023 2050 nornen
1055 1990 1167 2070 eriget,
1200 1991 1237 2051 ut
1269 1988 1324 2071 qui
1356 1988 1497 2071 quinque

350 2090 416 2152 l'ere
441 2090 533 2152 annis
559 2096 634 2172 post
658 2114 677 2154 a
702 2089 832 2153 Simouc
857 2091 934 2155 item
961 2091 1094 2155 Romam
1124 2092 1243 2155 missus
1273 2091 1413 2175 dicatur,
1440 2113 1497 2156 no-

351 2199 402 2258 tus
427 2196 549 2259 scilicet
573 2197 709 2260 senatui.

437 2300 526 2376 Quae
551 2305 661 2366 omnia
684 2323 755 2365 cum
780 2303 827 2366 ita
852 2325 886 2367 se
909 2303 1065 2385 habeant,
1093 2303 1160 2385 vix,
1189 2304 1318 2386 opinor,
1342 2303 1495 2368 Graetzio

350 2406 384 2490 (l.
408 2429 432 2470 s.
457 2406 538 2490 dp.
563 2408 629 2472 502
654 2407 736 2493 sqq.)
760 2409 926 2473 credemus
956 2410 1054 2473 ctiam
1087 2408 1244 2473 Ionathae
1277 2433 1349 2475 curn
1379 2411 1496 2475 llonra·

350 2512 401 2575 nis
425 2514 654 2577 commercium
679 2515 773 2597 plane
798 2514 957 2596 abolenti,
981 2516 1120 2578 maxime.
1147 2521 1282 2598 propter
1311 2515 1494 2580 fabulosam

349 2616 437 2681 illum
461 2618 676 2701 ficticiamque
692 2617 889 2702 Spartanam
909 2619 1114 2702 legationem,
1138 2641 1235 2701 (quarn
1250 2643 1271 2684 n
1286 2620 1436 2686 Romana
1450 2622 1496 2686 di-

348 2723 423 2786 velli
448 2745 544 2806 posse
568 2725 710 2808 negavit.
756 2723 793 2786 ln
823 2746 886 2807 quo
915 2731 1024 2788 tannen
1052 2723 1107 2787 ille
1135 2723 1223 2788 baud
1255 2727 1351 2791 dubie
1383 2728 1496 2811 lapsus

348 2833 407 2891 est.
453 2827 537 2892 Nolo
561 2829 708 2911 equidem
733 2829 899 2893 hominurn
924 2830 1090 2894 doctorum
1115 2829 1154 2892 de
1178 2831 1448 2899 istalndaeorum
1463 2838 1496 2898 et

349 2932 589 3016 Spartiatarum
614 2937 809 3019 cognatione
834 2941 930 3018 μίαν(
945 2936 1137 3000 commercio
1153 2939 1331 3003 sententiaa
1346 2940 1495 3006 hocloco

348 3047 494 3123 repetere
518 3045 614 3124 atque
638 3040 864 3126 cxarrrirrarc¹),
887 3065 959 3106 ιειιιιι
986 3043 1036 3106 rix
1060 3042 1231 3126 quisquam
1246 3044 1285 3108 de
1299 3049 1495 3132 cognatione

348 3147 443 3211 hodie
468 3149 552 3211 serio
576 3147 711 3231 cogitet:
749 3152 783 3211 at
810 3147 883 3211 iude
911 3149 993 3212 nihil
1022 3147 1062 3212 ad
1090 3154 1293 3233 utramque
1323 3152 1495 3237 legatio-

347 3274 427 3315 nem
453 3253 668 3336 consequitur.

436 3360 638 3444 Quamquam
662 3382 703 3423 ue
726 3381 787 3444 ego
812 3361 940 3444 quidem
965 3362 1058 3425 alteri
1087 3361 1243 3444 legationi
1267 3365 1405 3429 multum
1419 3365 1495 3430 fidei

346 3467 458 3531 baberi
509 3466 618 3548 velim,
656 3489 725 3530 curu
766 3468 908 3550 epistula
937 3467 1065 3550 quidem
1099 3468 1140 3530 ab
1169 3464 1309 3532 Iouatlru
1340 3469 1495 3555 Spartam

347 3575 447 3636 missa
471 3573 566 3655 plane
593 3572 713 3636 insulsa
739 3574 783 3636 sit
807 3573 976 3655 alienaque
1001 3574 1041 3635 ub
1066 3573 1196 3636 illorum
1221 3580 1404 3658 temporum
1419 3598 1494 3642 con-

346 3680 480 3744 dicione.
535 3677 586 3742 Sit
625 3680 725 3762 igilur
764 3679 867 3743 altera
904 3679 1102 3743 narrationis
1136 3701 1212 3762 pars
1246 3681 1379 3746 ficticia:
1417 3705 1495 3747 uum

346 3785 417 3848 ideo
442 3787 539 3849 etiam
551 3784 699 3848 Romana
725 3786 845 3864 legatio
870 3791 903 3848 ct
926 3785 1055 3849 aliunde
1080 3786 1208 3849 firmata
1232 3791 1265 3850 et
1287 3809 1345 3869 per
1360 3810 1394 3852 sc
1417 3810 1495 3852 rreu-

421 3979 438 4045 ¹)
460 3978 495 4030 Ut
521 3993 610 4047 pauca
634 3975 733 4028 ¹‹altcur
762 3993 985 4035 commemorem.
1006 3977 1114 4035 sobriae
1143 3976 1294 4031 admodum
1323 3980 1494 4049 cognituque

346 4048 446 4117 dignae
469 4047 586 4100 Palinuri
608 4046 654 4098 ‘de
674 4047 869 4114 epistolarum.
890 4067 958 4116 quus
979 4048 1108 4118 Spartani
1137 4052 1221 4116 atque
1252 4049 1345 4102 ludaei
1374 4051 1495 4104 invicem

346 4120 398 4171 sibi
419 4119 526 4172 irrisisse
546 4118 684 4180 dicuntur,
713 4117 841 4169 rriitutc’
871 4119 1053 4184 qllantistmlii
1074 4122 1152 4185 1828)
1180 4122 1209 4171 ct
1236 4119 1364 4173 (trirnnrii
1384 4125 1421 4191 (p.
1446 4127 1494 4176 187

346 4206 406 4257 squ,
423 4195 485 4242 sum
501 4187 715 4258 disputationes.
734 4204 816 4255 quam
829 4189 940 4244 laudern
959 4207 1013 4245 non
1032 4191 1100 4243 itum
1110 4188 1257 4242 tribuerim
1267 4190 1387 4260 Gcigcro
1403 4193 1420 4245 l.
1436 4215 1457 4246 s.
1468 4192 1494 4245 d.

346 4279 371 4329 p.
388 4268 447 4315 208.
488 4261 571 4313 l'lunc
595 4264 689 4312 alitem
715 4257 890 4314 incredibilia
914 4261 1027 4314 inolitus
1057 4263 1100 4313 est
1124 4259 1262 4329 llitzigius
1292 4261 1442 4317 ‘Zeitachrz
1468 4263 1494 4317 d.

345 4331 497 4383 deutschen
516 4330 650 4398 ruorgeul.
666 4328 741 4381 Ges’
753 4333 772 4380 t.
784 4328 818 4380 lX
835 4348 861 4397 p.
872 4337 920 4384 7:31
932 4337 1029 4388 -737,
1046 4330 1192 4399 Lyciorum
1206 4331 1300 4385 nescio
1315 4351 1398 4400 qumu
1411 4334 1494 4402 Spar-

345 4409 402 4454 tam
422 4405 603 4464 connnentus,
623 4400 702 4453 cuius
724 4398 844 4451 nondum
865 4420 928 4454 curu
949 4402 1087 4472 poenituit
1105 4401 1133 4454 in
1153 4401 1225 4455 llist
1246 4420 1309 4471 pop.
1331 4403 1388 4458 lud.
1405 4423 1430 4472 p.
1442 4411 1494 4457 34⁶

344 4491 384 4540 sq.
419 4473 481 4525 Alia
508 4471 646 4539 quaedam
671 4489 695 4522 r.
719 4470 793 4538 apud
828 4471 845 4522 l.
870 4476 901 4524 tl.
927 4472 1092 4526 llucllerum
1122 4471 1179 4525 ‘die
1209 4472 1345 4527 Semiten’
1373 4475 1495 4540 (Gothuc

349 4548 427 4596 lul-zi
447 4561 473 4596 ι).
495 4550 552 4595 101.
