3690 5086
348 115 438 158 suam
464 94 658 159 sententium
682 114 740 177 per
762 94 890 159 litteras
915 116 934 158 a
956 94 1075 179 legatis
1104 93 1292 161 deferendas
1324 117 1397 160 cum
1428 96 1494 162 illis

347 201 583 266 communicare
607 201 727 286 potuit,
759 223 841 286 quae
872 199 1039 265 indefinite
1072 201 1244 268 admodum
1272 206 1446 287 conceptae
1477 227 1497 269 a

348 308 505 391 scriptore
528 309 549 373 l.
570 306 586 371 Ι
609 307 653 373 Μ.
677 308 723 373 ita
747 308 968 374 conformatae
992 312 1083 392 sunt,
1111 312 1148 373 ut
1174 331 1258 376 nunc
1281 332 1359 376 sane
1383 309 1495 390 φιλίαν

347 416 397 479 καὶ
420 415 601 494 συμμαχίαν
631 415 781 499 innuant,
813 436 886 480 eum
918 415 1069 500 primitus
1101 415 1184 480 nihil
1218 421 1401 501 spectarent
1431 417 1495 482 nisi

347 520 527 605 simplicem
542 522 660 602 φιλίαν.
698 521 797 587 Plane
812 543 888 587 vero
903 521 1080 588 mittendus
1095 525 1145 587 est
1158 522 1320 588 Eusebius
1338 522 1371 588 11
1385 547 1415 608 p.
1430 526 1494 591 243

348 627 459 712 Aueh,
482 627 515 693 lI
538 651 568 713 p.
586 630 648 695 126
665 628 745 705 sch..
770 630 896 713 etipse
920 652 979 695 sna
1001 651 1040 694 ex
1063 629 1203 714 Iosepho
1228 633 1403 696 mutuatus.

435 734 558 811 Quodsi
581 737 677 802 ludas
702 740 890 821 speraverat
917 737 1074 822 populum
1103 759 1195 802 snum
1220 759 1239 802 a
1261 735 1418 803 Romanis
1442 761 1491 804 se

346 846 389 909 tis
412 845 526 909 auxilii
549 843 745 928 habiturum,
768 843 880 909 ludaei
903 844 942 909 de
966 865 1004 909 ea
1032 865 1090 928 spe
1121 866 1196 909 mox
1228 842 1345 909 deiecti
1378 850 1454 910 sunt
1462 844 1494 929 ¹).

345 952 523 1018 Bacchides
547 951 631 1016 enim
655 973 727 1016 cum
747 951 875 1017 Alcimo
899 949 1097 1016 aDemetrio
1121 950 1225 1016 denuo
1247 950 1366 1015 missus
1380 949 1494 1016 Iudam

346 1061 522 1125 fortissime
545 1063 746 1144 pugnantem
771 1058 898 1143 occidit,
921 1056 1056 1123 ludaeos
1081 1057 1253 1122 crudeliter
1271 1062 1376 1142 vexat,
1398 1057 1494 1124 Iona·

345 1167 436 1231 tham
468 1166 580 1231 ducem
613 1165 690 1230 belli
724 1165 765 1229 ab
799 1165 865 1230 illis
894 1163 1108 1229 constitutum
1131 1168 1221 1228 trans
1245 1164 1420 1231 Iordanum
1445 1189 1493 1232 re·

344 1274 450 1357 pellit,
481 1274 616 1358 denique
640 1273 743 1337 inulto
766 1271 886 1356 oppida
910 1269 1144 1336 munitionibus
1173 1270 1407 1357 praesidiisque
1440 1274 1492 1340 fir·

345 1386 421 1445 ruat.
467 1379 646 1464 Regressus
670 1378 784 1443 deinde
815 1379 848 1443 in
876 1376 1006 1462 Syriam
1038 1384 1209 1443 revocatur
1239 1378 1365 1445 dnobus
1398 1381 1491 1446 annis

345 1492 421 1570 post
444 1486 485 1551 ab
508 1486 665 1552 Ionathae
698 1484 904 1567 adversariis,
937 1486 973 1547 at
1004 1486 1074 1547 tum
1107 1483 1229 1548 frustra
1257 1485 1367 1551 omnia
1398 1487 1491 1553 moli-

345 1602 397 1659 tus
420 1595 552 1658 taudem
575 1615 647 1658 cum
671 1592 727 1658 illo
752 1592 937 1677 paciscitur.

413 1743 415 1746 .
446 1701 583 1766 Meliora
619 1699 692 1764 inde
729 1700 875 1765 insecuta
912 1701 989 1763 sunt
1026 1701 1191 1783 temporo,
1227 1721 1299 1765 cum
1329 1699 1493 1768 Ionathan

345 1807 529 1873 Alexandro
552 1807 643 1891 Bala,
666 1806 721 1891 qni
736 1804 891 1872 Antiochi
913 1803 1097 1888 Epiphanis
1121 1804 1207 1870 filius
1222 1805 1397 1893 terebatur,
1417 1832 1491 1876 oon·

344 1921 395 1979 tra
418 1914 619 1980 Demetrium
643 1937 662 1978 a
676 1913 825 1978 finitimis
841 1911 971 1998 regibus
987 1911 1174 1996 subornato,
1198 1913 1332 1980 summis
1347 1915 1389 1980 ab
1404 1922 1491 1982 utro·

344 2045 404 2106 que
427 2023 581 2106 praemiis
606 2021 646 2086 od
670 2021 860 2086 societatem
882 2019 960 2084 belli
987 2019 1146 2084 invitatus
1178 2021 1266 2086 illius
1298 2027 1409 2107 partes
1442 2048 1491 2090 se·

344 2135 510 2213 queretur,
547 2130 738 2213 pontificatu
772 2130 955 2212 ornaretur,
986 2127 1157 2210 occisoque
1189 2127 1355 2195 Demetrio
1388 2132 1491 2197 omnis

345 2236 471 2321 generis
503 2235 682 2301 honoribus
716 2235 758 2300 ab
791 2233 976 2300 Alexandro
1009 2233 1209 2300 adficeretur.
1257 2233 1326 2301 Nec
1354 2235 1493 2303 deterior

345 2343 413 2407 eius
438 2343 497 2407 sub
522 2341 688 2407 Demetrio
712 2342 752 2423 ll,
775 2340 934 2406 Demetrii
956 2340 1017 2424 If,
1040 2341 1121 2424 Deo,
1144 2340 1357 2427 Philadelpho
1362 2394 1372 2428 ,
1395 2342 1491 2409 Nica-

344 2452 428 2532 tore,
461 2450 516 2533 qui
539 2449 716 2515 Ptolemaei
751 2447 980 2513 Philometoris
1015 2448 1137 2514 auxilio
1161 2447 1276 2514 Balam
1310 2471 1394 2515 anno
1428 2473 1491 2516 aer.

345 2556 406 2620 Sel.
433 2557 505 2652 167,
520 2577 620 2641 regno
644 2556 803 2639 privarat,
836 2554 983 2620 condicio
1007 2560 1092 2640 erat,
1126 2579 1199 2622 cum
1223 2559 1255 2621 et
1282 2555 1491 2640 pontificatus

345 2667 377 2726 et
400 2661 546 2726 uomrnlli
571 2662 624 2726 alii
653 2662 794 2727 honores
818 2662 884 2726 iarn
912 2684 932 2726 a
954 2660 1121 2727 Demetrio
1147 2663 1162 2727 Ι
1187 2662 1289 2727 oblati
1322 2663 1490 2729 confirma·

344 2773 462 2834 rentur.
523 2767 637 2833 Paullo
675 2771 763 2852 post,
806 2768 969 2834 Antiocho
1002 2767 1062 2852 VI,
1102 2768 1202 2834 Balae
1225 2770 1260 2853 l,
1292 2790 1312 2833 a
1348 2768 1490 2836 Diodoto

344 2997 535 3067 selbstacudig
554 2997 635 3050 siud!
674 2997 761 3051 Penes
791 2998 918 3052 senatum
945 2995 1032 3063 igitur
1060 3013 1123 3048 curn
1152 2997 1233 3058 essct.
1261 2998 1355 3050 utrum
1374 2999 1491 3055 ludaeos

344 3068 386 3122 sui
405 3069 474 3122 iuris
493 3087 554 3122 esse
574 3068 685 3121 credero
704 3069 792 3122 vellet
810 3086 905 3127 necne.
924 3065 1057 3124 amicitia.
1072 3066 1250 3120 nouloederc
1269 3068 1346 3136 quod
1364 3068 1407 3123 illi
1427 3089 1489 3141 pro-

343 3141 407 3204 pter
429 3140 617 3193 Rornanorum
637 3155 765 3192 aversum
785 3158 798 3191 u
821 3137 963 3192 Demetrio
982 3135 1107 3190 oninium
1136 3137 1242 3205 (Polyh.
1263 3137 1361 3205 XXXI,
1383 3147 1423 3199 12.
1443 3149 1489 3206 ‘203

346 3209 456 3266 XXXII.
481 3217 508 3266 4.
535 3218 563 3266 6:
588 3213 623 3261 al
648 3209 765 3263 forta-sse
790 3210 983 3276 speraverant.
1008 3224 1140 3260 concessu
1162 3225 1212 3261 nro
1235 3208 1339 3263 liberos
1364 3214 1490 3266 costum

344 3280 456 3350 quidem
476 3280 528 3333 stoi
548 3278 635 3332 rideri
656 3279 724 3333 sutis
744 3278 913 3346 significavit
936 3280 964 3331 ot
991 3277 1018 3330 in
1042 3281 1185 3345 post-eninr
1213 3279 1296 3333 aliter
1322 3281 1489 3338 ‹leecrncudi

343 3354 511 3421 potestatem
532 3350 583 3402 ¹sihi
602 3350 762 3403 reservarit.
802 3349 925 3418 Simplex
943 3351 1036 3401 urrtcur
1053 3349 1179 3403 auricilla
1193 3349 1360 3406 dcleudoudi
1378 3372 1489 3407 ueces-

345 3422 482 3476 sitntcru
506 3441 560 3474 nou
584 3420 714 3478 lurhelrut.
739 3422 773 3473 ct'.
792 3439 818 3472 r.
839 3439 862 3472 c.
887 3419 1005 3488 Appiun.
1026 3419 1096 3472 Cclt.
1119 3427 1163 3473 13:
1197 3423 1344 3477 ἐποιοῦντο
1368 3425 1394 3478 ol
1420 3425 1489 3478 ‘Por-

345 3501 418 3555 μαῑοι
437 3495 539 3551 ξένους,
560 3492 600 3545 oir
620 3493 748 3544 ἐδίδοσαν
769 3495 818 3554 μὲν
838 3492 907 3545 εἶναι
927 3491 1033 3557 φίλους,
1053 3493 1160 3558 ἀνάγκη
1186 3495 1211 3545 d'
1230 3496 1281 3547 οὐκ
1300 3496 1370 3560 ἐπῆν
1389 3499 1427 3550 dit
1446 3497 1489 3563 φί-

344 3570 399 3619 λοι(
418 3566 574 3626 ἐπαμύνειν.

419 3636 437 3688 ¹l
458 3635 577 3688 (hunino
597 3633 770 3687 llnccnbnois
790 3632 859 3686 vitio
879 3634 973 3700 postus
1000 3632 1097 3686 dutum
1122 3637 1176 3694 cst..
1201 3635 1275 3704 quod
1298 3635 1488 3692 Romanorum

344 3705 699 3776 anricitianrappetiissent:
711 3705 744 3757 ct'.
756 3703 1416 3775 llousurthius‘neulcstnurcutlZeitgesch.'vol.
1427 3709 1489 3762 lod.

344 3778 582 3845 l(Hcidelbergae
605 3779 683 3843 1868)
704 3795 729 3844 p.
748 3783 805 3829 rol.
835 3775 878 3829 nd
897 3775 1061 3829 ludueouuu
1080 3780 1175 3831 autern
1194 3777 1227 3832 dc
1242 3777 1375 3832 Romame
1393 3779 1489 3849 opina-

341 3850 434 3904 tiones
453 3847 632 3902 illustrundus
660 3846 786 3913 udpriuu·
814 3845 1017 3900 urconnuodati
1037 3852 1103 3900 snut
1122 3865 1217 3902 uersus
1236 3848 1366 3916 Sibyllini
1386 3850 1422 3903 lIl
1440 3857 1489 3903 175

345 3940 413 3989 sqq..
441 3923 538 3988 utpote
566 3918 613 3987 qui
633 3919 728 3986 paullo
748 3922 811 3986 post
830 3935 932 3971 aurium
951 3934 977 3970 a.
997 3917 1060 3972 Chr.
1081 3937 1107 3972 rr.
1130 3925 1179 3973 170
1202 3917 1353 3988 conscripti
1376 3920 1488 3974 videon-

344 3997 401 4044 tur:
422 3992 455 4043 ct'.
495 3991 648 4044 Alexandro
673 4008 745 4043 orric.
771 3988 867 4057 Sinyh
891 3988 944 4041 vol.
972 3988 993 4040 ll
1014 3989 1140 4052 (Parisiis
1163 3996 1241 4045 18561
1261 4009 1287 4060 p.
1309 3998 1360 4045 615
1381 4009 1441 4059 sqq.
1461 3992 1489 4044 ct

344 4061 527 4117 Fricdliebius
546 4079 668 4132 prooem.
689 4061 731 4115 cd.
752 4059 826 4130 lips.
847 4062 938 4129 (1852)
958 4078 985 4129 p.
1006 4059 1104 4115 XXlX.
