3690 5086
351 96 448 176 cepta
475 116 646 180 rerumque
675 95 805 160 veritati
836 94 1053 179 repugnantia
1076 93 1294 178 expeditionis
1323 97 1412 164 illius
1436 100 1507 166 bre·

352 199 489 265 vitatem
521 206 648 266 tantam
680 201 813 265 inuuere
847 199 1013 284 videntur,
1049 204 1086 265 ut
1122 222 1161 264 ex
1193 200 1297 284 ipsius
1335 205 1507 289 scriptoris

354 311 460 372 mente
488 308 580 372 illum
608 307 694 390 ipso
724 327 822 370 anno
851 327 924 370 aer.
949 303 1020 370 Sel.
1047 305 1118 370 142
1147 308 1279 389 captum
1307 308 1507 378 crediderim.

441 413 574 477 Laetior
596 413 728 476 iuterim
752 410 944 477 Iudaeorum
968 412 1098 477 fortuna
1122 418 1202 477 erat.
1239 411 1366 499 Quippe
1392 415 1506 483 Simon

351 543 397 583 rs.
421 521 450 582 ι’).
478 519 558 597 μετά
582 518 690 596 πάση(
714 523 769 598 τῆ(
800 518 894 597 δόξη(
925 519 1025 583 αὑτοῦ
1056 517 1168 596 ἔλαβε
1198 521 1265 598 τήν
1294 518 1424 603 Ἰόπην
1452 525 1506 590 εἰ(

351 627 484 701 λιμένα
517 622 550 710 (i.
582 648 608 688 e.
637 624 722 708 capuit
755 627 949 708 portumque
981 624 1027 688 ibi
1060 622 1235 710 exstruxit)
1399 630 1429 693 6.
1452 632 1504 695 καὶ

349 731 508 796 ἐπλάτυνε
538 733 578 795 τά
608 731 682 810 όρια
713 736 758 815 τῷ
789 731 874 796 ἔθνει
906 732 1006 795 αὐτοῦ
1038 731 1087 793 καὶ
1115 729 1271 808 ἐκράτησε
1300 737 1356 812 τῆ(
1385 735 1500 814 χώρα(

351 836 380 900 7.
403 838 454 900 καὶ
478 840 664 919 συνήγαγεν
688 838 910 916 αἰχμαλωσίαν
936 840 1060 915 πολλὴν
1084 839 1135 900 καί
1159 837 1323 916 ἐκυρίευσε
1354 839 1505 919 Γαζάρων

348 946 399 1008 καὶ
434 946 643 1025 Βαιθσούρων
667 948 717 1010 καὶ
736 950 792 1024 τῆ(
811 944 917 1023 ἀκραε.
943 951 1046 1019 Quam
1061 964 1252 1028 prosperam
1271 942 1409 1010 Iudaeae
1429 967 1503 1011 eon-

349 1049 508 1115 dioionem
538 1056 713 1137 postquam
747 1050 877 1116 uberius
911 1049 1096 1133 descripsit,
1129 1049 1269 1133 scriptor
1297 1072 1341 1115 vs.
1374 1052 1503 1117 16-23

348 1156 389 1220 ad
412 1157 610 1242 legationem
634 1158 724 1222 iliam
752 1156 890 1221 Romam
924 1153 1139 1240 Spartamque
1168 1161 1263 1221 antea
1294 1158 1335 1222 ab
1363 1156 1504 1224 Iouatha

348 1262 483 1327 missam
511 1263 609 1347 redit,
640 1269 675 1328 at
704 1263 811 1327 verbis
840 1260 1099 1325 obscurissimis:
1134 1263 1182 1326 lo.
1206 1266 1256 1327 καὶ
1290 1265 1433 1343 ἠκούσθη
1467 1267 1504 1331 ἐν

346 1369 451 1453 Ῥώμῃ
471 1370 520 1434 ότι
539 1370 703 1435 ἀπέθανεν
724 1368 875 1433 Ἰωνάθαν
895 1368 946 1430 καὶ
966 1367 1027 1431 ἐ’ω(
1047 1367 1196 1445 Σπάρτη(
1217 1371 1267 1432 καὶ
1291 1371 1502 1450 ἐλυπήθησαν

348 1476 488 1556 σφόδρα.
539 1477 588 1540 17.
612 1475 657 1538 ιδ(
690 1477 725 1539 δὲ
758 1475 904 1554 ἤκουσαν
937 1472 985 1536 ὅτι
1019 1472 1127 1547 Σίμων
1165 1472 1183 1536 ὁ
1221 1472 1364 1554 ἀδελφὸ(
1401 1479 1501 1542 αὐτοῦ

346 1584 483 1659 γέγονεν
507 1581 580 1645 ἀντ’
599 1581 698 1646 αὐτοῦ
717 1580 883 1660 ἀρχιερεὺ(
907 1580 958 1643 καὶ
978 1580 1140 1656 ἐπικρατεῖ
1159 1583 1213 1657 τῆ(
1233 1581 1341 1660 χώρα(
1365 1585 1501 1648 καὶτῶν

348 1688 478 1751 πόλεων
497 1691 563 1751 τῶν
582 1689 618 1752 ἐν
637 1688 730 1770 αὐτῇ,
758 1687 807 1752 18.
821 1686 971 1765 ἔγραψαν
991 1686 1072 1763 πρὸ(
1093 1685 1193 1748 αὐτόν
1221 1687 1346 1751 δέλτοι(
1368 1693 1501 1767 χαλκαῖ(

346 1798 404 1857 τοῦ
432 1792 684 1859 ἀνανεώσασθαι
713 1792 794 1871 πρό(
822 1793 922 1856 αὐτόν
951 1791 1062 1869 φιλίαν
1091 1791 1141 1854 καὶ
1169 1793 1228 1870 τήν
1251 1793 1435 1871 συμμαχίαν
1460 1799 1500 1876 ἣν

347 1899 492 1978 ἔστησαν
529 1901 610 1978 πρὸ(
643 1897 769 1964 Ἰούδαν
806 1900 856 1963 καί
890 1895 1045 1962 Ἰωνάθαν
1081 1897 1157 1960 τοὺ(
1191 1895 1356 1978 ἀδελφοὺ(
1389 1900 1498 1967 αὐτοῦ.

350 2007 389 2070 19
414 2006 464 2069 καὶ
487 2006 746 2085 ἀνεγνώσθησαν
769 2005 911 2070 ἐνώπιον
940 2009 995 2081 τῆ(
1023 2002 1192 2080 ἐκκλησία(
1222 2004 1258 2068 ἐν
1284 2003 1500 2088 Ἱερουσαλήμ

346 2115 417 2189 aaa,
446 2134 528 2196 quae
557 2112 666 2177 onmia
694 2118 761 2176 tam
790 2115 901 2195 aperte
931 2109 1050 2174 ficticia
1074 2112 1165 2192 sunt,
1195 2111 1232 2172 ut
1261 2107 1499 2194 disceptatione

347 2221 478 2285 omnino
502 2241 584 2303 opus
608 2240 674 2283 non
698 2218 750 2282 sit.
773 2215 878 2283 Multo
903 2238 979 2281 vero
1004 2215 1155 2302 graviora
1180 2218 1264 2298 sunt,
1287 2237 1369 2299 quae
1395 2241 1440 2283 vs.
1456 2221 1499 2286 24

346 2327 541 2390 referuntur:
556 2325 649 2404 μετὰ
663 2329 782 2389 ταῦτα
797 2321 830 2410 (ί.
846 2347 871 2388 ε.
887 2334 922 2389 ut
933 2323 1155 2407 videtur,post
1170 2321 1352 2408 legatorum
1366 2323 1499 2390 illorum

346 2430 499 2518 reditum)
533 2433 739 2499 ἀπέστειλε
769 2431 894 2509 Σίμων
926 2432 992 2496 τόν
1022 2431 1241 2509 Νουμήνιον
1269 2429 1323 2494 εἰ(
1350 2430 1499 2511 Ῥώμην

346 2537 486 2618 ἔχοντα
516 2538 660 2603 ἀσπίδα
689 2543 834 2619 χρυσῆν
865 2536 1035 2616 μεγάλην
1059 2536 1208 2618 [δλκῆ(]
1238 2539 1338 2614 μνῶν
1363 2537 1498 2616 χιλίων

346 2647 399 2708 εἰ(
423 2645 465 2708 τό
489 2650 631 2724 στῆσαι
656 2646 749 2724 πρὸ(
772 2646 913 2710 αὐτοὺ(
936 2646 1004 2724 τὴν
1027 2643 1253 2722 συμμαχίαν.

435 2749 524 2815 Ilaec
551 2750 652 2815 verba
676 2749 729 2834 qui
758 2750 922 2835 excipiunt
946 2772 1058 2814 versus
1083 2746 1226 2831 25-49,
1253 2747 1282 2812 ei
1311 2751 1380 2812 tam
1409 2748 1498 2832 pleni

345 2860 421 2919 srmt
445 2856 586 2922 cuiusvis
606 2859 734 2943 generis
758 2858 954 2942 ineptiarum
978 2860 1011 2920 et
1032 2857 1202 2937 tantopere
1221 2860 1406 2941 repugnant
1424 2879 1496 2920 curn

345 2962 434 3025 οιιιιιί
457 2961 614 3027 historiae
639 2963 711 3026 fidei
736 2968 805 3027 tum
832 2961 996 3047 prioribus
1025 2959 1167 3025 eiusdem
1192 2962 1360 3046 scriptoris
1383 2985 1495 3028 narra·

345 3067 504 3153 tionibus,
534 3073 571 3133 ut
598 3069 712 3152 procul
741 3068 838 3133 dubio
869 3068 1133 3147 αὐτοσχεδίασμα
1164 3066 1324 3151 quoddam
1354 3069 1496 3152 pessimo

345 3175 518 3240 confictum
551 3199 624 3239 eum
654 3174 811 3239 Grimmio
844 3174 897 3238 hio
929 3174 1167 3260 agnoscendum
1192 3173 1243 3240 sit.
1289 3176 1496 3258 Quapropter

345 3281 384 3343 ad
405 3281 552 3364 quintum
567 3282 727 3348 ‹ier-imum
741 3284 839 3365 caput
854 3282 966 3347 statim
986 3303 1212 3366 properamus:
1231 3283 1282 3345 καὶ
1301 3281 1495 3347 ἀπέστειλεν

345 3390 363 3450 ὸ
389 3389 581 3468 Ἀντίοχο(
609 3391 689 3455 υίὸ(
713 3391 934 3469 Δημητρίου
963 3394 1020 3454 τοῦ
1046 3389 1202 3467 θασιλὲω(
1231 3388 1404 3452 ἐπιστολά(
1429 3387 1494 3478 ἀπό

345 3500 410 3557 τών
435 3499 545 3575 νήσων
570 3504 624 3577 τή(
648 3498 816 3574 θαλάσση(
841 3498 958 3573 Σίμωνι
987 3496 1065 3573 ίερεῑ
1088 3496 1138 3558 καὶ
1162 3494 1300 3574 ἐθνάρχῃ
1324 3498 1390 3557 τών
1414 3493 1492 3557 Ἰου-

344 3602 444 3664 δαίων
464 3605 514 3666 καὶ
534 3607 629 3667 παντὶ
653 3609 698 3685 τῷ
718 3604 810 3667 ἔθνει.
835 3603 865 3666 ·2.
889 3603 940 3664 καί
959 3603 1043 3680 ἠσαν
1063 3603 1270 3679 περιέχουσαι
1288 3600 1346 3663 τὸν
1370 3599 1494 3675 τρόπον

344 3713 461 3771 τουτον
486 3711 641 3776 Βασιλεὺ(
672 3710 837 3787 Ἀντίοχο(
866 3709 984 3783 Σίμωνι
1012 3710 1089 3785 ίερεῑ
1118 3705 1246 3786 μεγάλῳ
1276 3706 1325 3767 καί
1352 3705 1492 3787 ἐθνάρχῃ

343 3815 393 3875 καὶ
418 3815 501 3879 ἔθνει
527 3816 687 3880 Ἰουδαίων
711 3816 839 3893 χαίρειν.
877 3814 908 3876 3.
933 3814 1043 3891 ἐπειδὴ
1067 3811 1181 3888 ἄνδρε(
1206 3812 1309 3888 λοιμοὶ
1341 3811 1490 3888 κατεκρά-

344 3934 448 3994 τησαν
470 3926 526 3998 τη(
552 3922 714 4000 βασιλεία(
737 3924 803 3983 τών
828 3922 977 3997 πατέρων
1001 3921 1097 3995 ήμῶν,
1123 3918 1275 3995 βούλομαι
1295 3919 1330 3981 δὲ
1350 3917 1491 3983 ἀντιποι·

343 4026 484 4100 ήσασθαι
504 4031 558 4104 τῆ(
580 4028 742 4105 βασιλεία(
766 4025 855 4089 όπω(
875 4025 1135 4103 άποκαταστήσω
1160 4024 1259 4102 αὐτὴν
1282 4024 1326 4088 ώ(
1350 4026 1389 4105 ἠν
1413 4027 1490 4102 πρό-
