3690 5086
345 89 507 169 δυνάμειε,
545 92 595 154 καὶ
619 93 699 169 πρὸ(
721 91 897 169 Ῥωμαίου(
930 94 1057 170 πρῶτα(
1087 93 1266 173 ἐποιήσατο
1300 93 1419 174 φιλίαν,
1447 93 1497 156 καὶ

343 198 402 261 τὸν
425 196 582 276 Ἐπιφανῆ
606 197 703 261 πάλιν
727 198 772 261 εί(
795 200 853 275 ιήν
878 198 988 276 χώραν
1003 199 1209 279 ἐἰσβαλόντα
1232 204 1312 280 μετὰ
1339 202 1494 281 καρτεμᾶ(

344 307 468 382 πληγή(
491 303 692 381 ἀνέστειλεν,
727 308 762 366 ut
784 302 1017 387 Epiphania
1040 308 1246 389 temporibus
1270 309 1384 375 foedus
1407 306 1497 387 illud,

345 409 372 472 si
396 408 446 471 dis
469 407 585 492 placet,
608 409 652 472 sit
675 409 900 492 compositum.
937 407 1140 494 Quamquam
1164 412 1245 478 haec
1260 415 1359 479 rerba
1380 435 1496 497 parurn

344 514 418 578 fidei
440 514 572 597 habent,
596 536 668 579 curn
693 513 738 578 ‘in
762 515 856 579 initio
884 515 981 579 huius
1010 517 1118 599 operis
1146 515 1306 602 Iosephus
1332 519 1433 605 (quod
1463 519 1496 583 in

344 622 511 703 prooemio
544 621 673 685 videtur
705 621 851 703 innuere)
885 624 1051 707 gestarum
1084 644 1192 688 rerum
1224 625 1416 708 compendia
1442 647 1496 689 ue·

344 727 451 813 gleeto
472 727 584 792 ordine
603 725 755 792 sectetur’
771 725 813 812 (v.
829 725 1015 792 Aldrichius
1029 728 1064 792 in
1079 724 1253 795 Cardwelli
1272 730 1351 796 belli
1373 730 1496 797 Iudaici

344 833 486 898 editione
506 833 795 916 Oxoniensi1837‚
818 831 834 895 1
852 855 882 916 p.
896 833 987 919 402),
1010 856 1168 919 omneque
1187 835 1270 901 illud
1292 839 1494 921 prooemium

344 945 418 1005 ante
442 941 666 1025 Antiquitates
700 941 856 1024 scriptum
880 941 1023 1005 cuiusvis
1047 942 1175 1027 generis
1200 944 1345 1025 peccatis
1378 944 1495 1008 mirum

341 1053 499 1131 quantum
533 1053 658 1113 scateat
680 1045 733 1134 (cf.
757 1046 1025 1113 Freudenthalius
1049 1049 1069 1113 l.
1094 1071 1118 1113 s.
1142 1071 1167 1114 s.
1190 1071 1221 1132 p.
1237 1051 1278 1116 8'r'
1304 1050 1396 1135 sqq.).

431 1155 554 1232 Quodsi
591 1157 658 1220 iam
691 1161 801 1219 manet
833 1177 961 1221 omnem
994 1154 1083 1220 illius
1117 1157 1185 1220 sive
1218 1159 1393 1238 ἐπιστολὴ(
1425 1159 1494 1223 sire

342 1262 503 1341 δόγματα(
527 1263 625 1327 fidem
648 1263 786 1346 pendere
811 1285 849 1327 ex
872 1262 1041 1345 scriptoris
1055 1262 1132 1328 libri
1146 1261 1162 1327 I
1177 1262 1277 1330 Maec.
1297 1265 1495 1349 testimonio,

343 1368 565 1435 fraudulenter
589 1371 699 1454 utique
722 1368 879 1454 Iosephus
899 1369 999 1434 verba
1013 1392 1073 1434 sua
1091 1371 1140 1436 ita
1154 1373 1380 1457 conformavit,
1403 1373 1496 1458 quasi

344 1476 414 1559 ipse
429 1474 541 1541 Satura
565 1477 721 1561 legitimis
745 1476 892 1540 formulis
916 1482 1109 1559 conceptum
1132 1478 1338 1564 publiceque,
1361 1480 1408 1544 uti
1423 1501 1494 1543 mos

343 1581 563 1647 Romanorum
588 1586 666 1665 erat,
690 1583 723 1646 iu
748 1582 870 1646 ahenea
893 1581 1006 1648 tabula
1029 1583 1064 1646 in
1078 1581 1244 1667 Capitolio
1260 1583 1493 1671 propositum¹)

344 1690 411 1753 suis
434 1690 536 1754 oculis
560 1688 703 1753 vidisset.
750 1690 931 1774 (ποιήσασα
954 1691 989 1752 δὲ
1014 1692 1086 1769 περὶ
1114 1693 1232 1757 τούτου
1261 1693 1366 1770 δόγμα
1384 1694 1422 1756 τὸ
1437 1695 1495 1770 μὲν

343 1795 544 1876 ἀντίγραφον
572 1797 617 1860 εἰ(
645 1799 703 1876 τὴν
728 1796 881 1860 Ἰουδαίαν
904 1795 1109 1875 ἀπέστειλεν,
1143 1800 1223 1862 αὐτὸ
1252 1799 1281 1862 δ’
1304 1800 1348 1863 εί(
1371 1802 1409 1862 τὸ
1434 1800 1493 1865 Κα-

343 1905 498 1968 πιτώλιον
531 1904 576 1968 εἰ(
610 1905 728 1980 χαλκᾶ(
760 1901 983 1980 ἐγγράψαντε(
1011 1904 1146 1968 δέλτου(
1177 1902 1349 1969 ἀνέθεσαν.
1396 1905 1435 1984 ἦν
1458 1907 1494 1970 δὲ

342 2007 524 2093 τοιοῦτον).
579 2007 662 2083 Quid
692 2007 776 2071 euim
809 2006 977 2090 obstabat,
1013 2029 1067 2092 ne,
1096 2013 1134 2072 ut
1159 2009 1195 2073 in
1225 2011 1376 2095 genuinis
1410 2008 1494 2076 Sotis

343 2114 432 2196 feeit,
465 2116 593 2199 integra
615 2113 715 2178 verba
741 2113 1010 2178 transscriberet?
1051 2113 1110 2196 At,
1140 2114 1301 2201 inquiunt,
1325 2116 1494 2201 ‘Iosephus

342 2243 408 2285 non
433 2222 520 2305 ipsas
544 2220 664 2285 decreti
689 2220 859 2304 formulas,
889 2219 1006 2303 quibus
1034 2226 1226 2305 conceptum
1254 2227 1336 2307 erat,
1373 2224 1494 2308 attulit,

344 2328 399 2392 sed
410 2332 537 2392 tautum
553 2329 622 2392 eius
638 2349 767 2392 sensum
782 2315 1020 2411 praecipuaque
1035 2326 1154 2410 capita’
1171 2327 1494 2412 (v.K1·ebsius‘decr.

343 2433 492 2500 Roman?
529 2433 617 2517 Lips.
640 2434 724 2498 1768
748 2455 778 2516 p.
805 2429 867 2517 15).
913 2430 998 2497 Sane
1027 2432 1153 2498 videtur
1176 2434 1238 2500 hoc
1262 2435 1385 2520 aliquid
1414 2459 1494 2522 esse,

343 2564 416 2605 cum
439 2563 480 2605 ne
504 2545 612 2605 cetera
636 2540 764 2624 quidem
788 2537 865 2604 Sota
888 2543 921 2603 et
948 2540 989 2603 ab
1013 2539 1154 2624 Iosepho
1177 2546 1211 2606 et
1234 2542 1275 2607 ab
1300 2543 1374 2608 aliis
1402 2545 1494 2609 scri·

343 2648 526 2731 ptoribus
552 2649 654 2712 relata
667 2647 831 2731 legitimas
850 2647 1007 2711 formulas
1022 2668 1135 2712 omnes
1149 2648 1293 2713 referant
1300 2648 1336 2735 ²).
1371 2649 1493 2715 Verum

344 2756 430 2818 enirn
454 2777 530 2818 vero
560 2753 697 2837 nullum,
730 2752 815 2836 quod
838 2754 949 2835 sciam,
972 2754 1165 2839 reperietur,
1198 2756 1232 2819 in
1264 2778 1326 2839 quo
1356 2778 1422 2820 non
1449 2756 1494 2821 sit

343 2867 493 2927 notatum
522 2863 589 2925 sive
617 2882 734 2925 nomeu
757 2860 840 2943 eius,
863 2861 917 2945 qui
942 2863 1090 2924 senatum
1114 2860 1329 2945 consuluerit,
1356 2864 1423 2926 sive
1446 2861 1492 2928 lo·

344 2992 413 3053 eus,
442 2991 505 3053 quo
530 2972 661 3031 senatus
686 2968 880 3051 conuenerit,
904 2967 972 3031 sire
996 2965 1076 3051 dies,
1099 2989 1163 3051 quo
1187 2989 1238 3031 res
1263 2972 1337 3032 acta
1360 2970 1411 3033 sit.
1447 2968 1494 3034 Ut

344 3079 485 3157 αὐτοψία
509 3076 594 3142 credi
618 3076 747 3139 omniuo
771 3097 837 3139 nou
860 3075 973 3157 possit.

432 3184 520 3249 Hinc
549 3184 649 3268 igitur
676 3189 713 3246 ut
741 3181 782 3246 ad
810 3181 1002 3265 scriptorem
1024 3180 1102 3245 libri
1125 3180 1141 3245 1
1164 3181 1265 3248 Mace.
1283 3187 1492 3267 revertamur,

344 3293 562 3376 ‹praerendunr
586 3295 661 3354 ante
685 3290 793 3354 omnia
818 3288 950 3371 ridetur,
974 3286 1057 3352 unde
1081 3288 1109 3352 is
1133 3311 1193 3353 sua
1215 3289 1368 3355 hauserit.
1406 3289 1495 3366 Quae

344 3400 536 3464 difficillima
565 3398 712 3481 quaestio
737 3399 795 3459 est.
831 3392 917 3458 Nuru
940 3415 998 3457 uec
1022 3392 1061 3457 de
1086 3394 1311 3461 translationis
1335 3395 1379 3483 (v.
1393 3395 1494 3483 infra)

345 3507 488 3571 Graecae
512 3510 658 3588 ternpore
682 3505 852 3587 ‹prioquaur
877 3499 1039 3586 coustatQ
1063 3523 1122 3566 uec
1138 3504 1301 3586 explorari
1317 3504 1381 3567 ianr
1397 3526 1494 3588 posse

420 3698 499 3768 1λΰί,
523 3699 713 3753 hlorurusenus
736 3714 800 3750 ann
823 3694 889 3748 dell
914 3692 1002 3748 instit.
1026 3695 1103 3750 arch.
1130 3702 1177 3752 18!
1171 3702 1245 3766 ιίλιι.
1263 3703 1313 3753 198
1333 3715 1386 3766 ιιι,
1415 3697 1494 3752 cuius

344 3718 544 3841 disputationis
565 3770 707 3839 epitomen
725 3774 823 3838 postea
842 3765 989 3836 proposuit
1006 3765 1084 3823 inu
1108 3768 1128 3821 l.
1148 3768 1178 3823 L.
1198 3768 1210 3822 1
1229 3787 1255 3838 ι.ι
1276 3775 1334 3824 112

417 3846 437 3909 ²)
458 3843 544 3895 Recte
565 3841 598 3895 de
618 3843 670 3894 hac
690 3857 718 3893 re
738 3838 872 3892 iudicauit
895 3839 973 3891 Aera.
988 3838 1154 3892 Huebuosnr
1168 3839 1197 3892 in
1212 3787 1386 3893 Flle'ekeiseui
1401 3840 1494 3894 annal.

344 3915 482 3984 supplem.
503 3913 542 3965 Ill
560 3932 586 3983 ιι
604 3917 655 3965 572
676 3929 734 3979 sqq.

417 3986 437 4052 ³)
457 3983 510 4048 Qui
529 4002 586 4053 nup
588 3983 687 4037 err-ime
707 3982 741 4035 do
762 3983 812 4034 hae
828 3979 906 4045 dixit,
921 3979 1036 4034 Carolus
1052 3979 1166 4034 Ehrtius
1183 3980 1425 4051 ‘Abiassungszcit
1437 3981 1496 4036 und

346 4055 497 4110 Absehluss
518 4055 566 4107 des
568 4003 707 4107 pPsalters
726 4071 774 4106 aur
794 4050 917 4119 Prtlsuug
936 4050 985 4104 der
999 4051 1088 4120 Fruge
1080 4051 1178 4105 uach
1195 4051 1495 4121 Makkabltcrpsalmeu
